2099 3347
236 240 325 269 CAP.
347 239 443 269 XV11.
718 240 778 272 DE
805 239 1074 273 APOSTASIA.
1765 240 1785 266 2
1798 230 1843 266 53

238 349 401 398 aliquod
445 347 630 385 accidens
676 345 898 395 corporale}
943 347 1020 383 Sed
1059 358 1196 382 sensus
1237 353 1273 381 et
1313 344 1421 381 racio
1461 344 1554 382 fidei
1597 351 1745 380 Answer:
1765 351 1821 379 His

239 406 533 445 contradicunt.
595 405 840 442 Conceditur
884 403 1005 452 igitur
1055 404 1163 452 quod
1214 415 1360 451 corpus
1404 402 1556 439 Christi
1597 387 1752 449 ωοπξξξξξ
1773 395 1823 414 are

239 475 297 503 est
348 478 429 502 non
481 472 692 513 quantum,
746 475 827 499 non
878 462 1108 510 figuratum,
1160 473 1242 498 non
1292 460 1557 509 corporaliter
1581 456 1841 519 {iffiffisailssyffaiim

239 523 513 572 qualificatum
546 521 615 568 ibi,
639 521 732 570 quia
756 529 813 557 est
845 519 1105 568 spiritualiter
1128 527 1164 556 et
1185 532 1266 556 non
1281 518 1559 556 ⁴dimensiona-
1807 499 1834 528 y.

208 582 330 619 §liter
343 581 411 618 ibi.
429 582 719 617 Verumtamen
743 591 888 627 corpus
904 578 1052 615 Christi
1075 590 1156 615 non
1179 586 1236 614 est
1258 589 1340 614 non
1361 586 1558 625 quantum

239 640 301 677 vel
350 652 432 676 non
477 649 668 686 corporee
712 636 1006 686 qualificatum‚
1051 635 1147 685 quia
1190 644 1286 672 tunc
1329 648 1411 672 non
1459 644 1560 672 esset

241 697 387 736 alicubi
424 696 493 733 illo
532 697 666 733 modo.
712 697 868 744 Corpus
902 693 1049 732 Christi
1086 694 1207 743 igitur
1245 706 1327 731 non
1366 694 1486 730 habet
1519 693 1559 729 in
1644 699 1737 747 T119u
1762 701 1780 727 h

242 756 374 793 hostia
395 754 569 804 aliquem
600 754 764 790 modum
788 752 950 802 proprie
972 751 1282 789 substancialem
1304 751 1362 788 illi
1386 751 1559 800 corpori,
1575 734 1851 803 lssfflisrfflnsi'gffs,

243 814 337 863 quia
358 823 453 850 tunc
485 820 619 861 posset
651 824 736 849 esse
767 810 821 848 ibi
853 810 922 848 illo
956 812 1091 858 modo,
1125 823 1216 847 cum
1245 811 1321 847 hoc
1344 811 1451 858 quod
1480 822 1561 846 non
1610 805 1811 867 itzisssinniiig

189 886 228 908 ιο
243 881 345 910 esset
367 884 438 921 per
460 870 584 908 alium
614 870 762 916 locum,
794 870 904 919 quod
927 881 1010 907 esse
1032 881 1114 905 non
1136 877 1279 917 potest.
1315 867 1561 905 Conceditur
1617 847 1808 902 gacrament.

242 940 379 968 tamen
423 930 532 978 quod
575 927 876 966 accidentaliter
921 936 958 965 et
1001 929 1222 964 secundum
1268 927 1435 963 modum
1487 925 1562 963 sibi
1588 932 1647 972 But
1666 932 1696 960 in
1716 932 1840 971 Heayen

244 988 531 1027 accidentalem
564 996 621 1023 est
642 986 684 1023 in
716 986 814 1033 celo,
848 999 936 1023 cum
971 985 1021 1022 sit
1052 985 1106 1022 ibi
1138 984 1475 1022 substancialiter.
1515 985 1564 1020 Et
1604 967 1819 1037 ¹gjssaesnss¹i¹t¹m¹gf

243 1045 490 1096 impossibile
514 1054 571 1082 est
593 1044 758 1094 aliquod
781 1057 925 1093 corpus
949 1056 1032 1081 esse
1055 1043 1201 1081 alicubi
1223 1041 1562 1089 substancialiter‚
1601 1037 1815 1099 Sffig'tfg'mtllffiffi

106 1111 132 1142 B
156 1107 231 1142 128c
244 1105 320 1142 nisi
343 1103 462 1142 fuerit
484 1103 538 1140 ibi
563 1102 877 1149 accidentaliter,
907 1099 912 1155 Ι
941 1103 1010 1139 sed
1042 1110 1219 1139 econtra.
1254 1100 1358 1147 Quia
1381 1099 1563 1150 quamvis
1797 1093 1825 1108 “⁵

191 1167 228 1200 15
245 1163 295 1200 sit
326 1163 368 1200 in
399 1161 530 1199 hostia
569 1174 712 1210 corpus
746 1160 894 1198 Christi
933 1161 1054 1197 modo
1093 1172 1172 1209 quo
1203 1159 1398 1196 uniuntur
1429 1167 1563 1207 partes

246 1221 330 1260 eius
363 1222 413 1258 ad
441 1219 626 1267 invicem,
661 1228 698 1256 et
722 1220 842 1256 modo
866 1231 947 1268 quo
980 1218 1115 1255 anima
1147 1231 1219 1255 sua
1252 1227 1386 1254 actuat
1419 1229 1564 1266 corpus

109 1285 138 1316 A
156 1286 232 1325 124²
245 1280 358 1327 illud,
391 1288 527 1316 tamen
548 1277 615 1315 ille
638 1286 696 1314 est
719 1278 862 1314 modus
886 1277 1000 1323 alius,
1025 1276 1119 1326 quia
1147 1272 1151 1328 Ι
1181 1277 1324 1313 modus
1345 1275 1564 1325 spiritualis

248 1337 448 1387 corporis;
493 1336 562 1385 qui
607 1335 742 1373 deficit
786 1334 861 1372 sibi
905 1335 946 1372 in
991 1336 1090 1372 celo.
1136 1336 1252 1372 Unde
1292 1336 1435 1371 modus
1474 1334 1565 1370 sub-

248 1395 450 1434 stancialis
495 1403 555 1431 est
597 1393 708 1442 prior
751 1393 990 1431 naturaliter
1035 1406 1155 1442 quam
1210 1394 1353 1429 modus
1403 1391 1566 1428 unionis

192 1468 234 1490 20
250 1454 383 1492 anime
421 1466 511 1490 cum
552 1464 734 1501 corpore,
778 1452 839 1489 vel
882 1451 1065 1500 parcium
1109 1450 1470 1500 quantitativarum
1515 1451 1565 1487 ad

250 1512 436 1559 invicem,
470 1524 560 1548 cum
595 1510 645 1547 sit
678 1512 820 1547 modus
853 1509 1071 1547 materialis
1094 1522 1175 1558 quo
1208 1518 1266 1546 est
1297 1508 1365 1546 illa
1397 1507 1564 1545 attonia.

249 1573 331 1608 Nec
369 1571 466 1607 latet
505 1568 655 1618 logicos
693 1569 899 1618 quomodo
939 1567 1013 1605 iste
1051 1567 1214 1604 termini
1247 1566 1566 1604 substancialiter
1614 1571 1726 1611 Term's
1747 1572 1812 1599 that

251 1638 289 1667 et
339 1629 560 1666 secundum
614 1626 887 1663 substanciam
947 1634 1115 1674 possunt
1167 1626 1410 1674 quandoque
1462 1624 1566 1661 sumi
1598 1607 1836 1669 ὃυὲζῆἓὲξεζῖῃῃ

251 1686 503 1736 cathegorice
551 1694 588 1722 et
626 1686 871 1734 quandoque
916 1684 1232 1733 sincathegorice
1278 1692 1314 1721 et
1352 1683 1407 1720 sic
1451 1684 1566 1719 redu-
1587 1677 1622 1704 be
1642 1677 1732 1704 taken
1753 1677 1849 1704 either

1597 1712 1647 1739 for
1665 1712 1749 1739 what
1767 1712 1838 1748 they

194 1750 234 1783 25
250 1746 398 1795 plicare
430 1743 662 1781 immediate
694 1745 916 1780 secundum
951 1743 1148 1780 causalem
1185 1751 1222 1779 et
1246 1741 1565 1778 condicionalem
1599 1747 1709 1774 denote
1729 1755 1764 1774 or
1783 1746 1833 1773 for

251 1813 290 1842 et
327 1803 426 1841 alias
466 1802 652 1849 mediate,
692 1803 801 1851 quod
838 1801 956 1850 logici
995 1809 1144 1849 negant
1183 1802 1231 1837 de
1274 1800 1349 1837 isto
1392 1799 1566 1836 termino
1628 1782 1806 1844 Sssfflffilffig

251 1863 287 1898 in
320 1869 514 1911 quantum.
560 1862 716 1909 Corpus
755 1859 889 1908 itaque
922 1859 1069 1896 Christi
1100 1871 1182 1895 non
1214 1860 1334 1895 habet
1364 1857 1404 1894 in
1438 1857 1568 1894 hostia
1581 1863 1669 1903 Thus
1689 1863 1808 1902 instead
1824 1863 1855 1890 of

252 1919 417 1969 aliquod
462 1918 646 1956 accidens
690 1919 872 1965 formale,
917 1919 985 1954 sed
1029 1919 1118 1954 loco
1163 1916 1401 1965 quantitatis
1446 1916 1566 1952 habet
1617 1898 1821 1961 d&¹1{¹s‘³i¹}‡¹ss{3¹ss'

253 1991 397 2026 corpus
431 1976 580 2014 Christi
613 1976 667 2013 ibi
700 1975 1020 2025 magnitudinem
1052 1975 1222 2022 virtutis,
1257 1984 1294 2011 et
1325 1975 1415 2011 loco
1439 1973 1567 2023 quali-
1611 1974 1769 2030 greziitgteuses
1790 1968 1825 1995 of

198 2041 239 2075 30
253 2036 346 2073 tatis
379 2034 599 2084 corporalis
638 2036 757 2071 habet
795 2034 848 2071 ibi
887 2033 1101 2083 qualitates
1134 2032 1374 2082 spirituales,
1410 2041 1447 2069 et
1478 2033 1567 2068 loco
1769 2024 1774 2029 ”

254 2093 573 2132 continuacionis
610 2094 884 2129 membrorum
930 2105 1095 2129 suorum
1136 2093 1255 2128 habet
1292 2090 1346 2127 ibi
1390 2090 1567 2139 graciam

255 2151 519 2189 continuandi
549 2164 621 2200 per
653 2151 863 2188 caritatem
904 2152 1085 2187 membra
1118 2149 1283 2186 ecclesie
1316 2150 1365 2187 ad
1398 2148 1568 2185 invicem

255 2219 292 2247 et
325 2223 416 2247 cum
451 2208 623 2247 Christo.

313 2268 378 2306 Sic
410 2267 531 2316 igitur
563 2267 821 2304 instruendus
851 2275 908 2303 est
936 2267 1109 2315 populus
1141 2266 1250 2314 quod
1272 2273 1566 2302 sacramentum
1583 2269 1650 2298 The
1665 2270 1775 2306 People
1797 2270 1855 2297 and

199 2329 239 2364 35
255 2326 391 2364 altaris
439 2335 496 2363 est
540 2327 760 2363 secundum
800 2338 914 2361 suam
952 2333 1139 2361 naturam
1185 2323 1298 2372 panis
1343 2331 1379 2360 et
1416 2322 1567 2367 vinum,
1588 2305 1643 2367 Ἓξ
1659 2305 1853 2374 Ιζὲιξζῖέιῇγρ

255 2386 324 2422 sed
355 2385 577 2421 secundum
616 2383 727 2421 verbi
765 2382 828 2419 dei
868 2382 1109 2420 miraculum
1147 2391 1204 2418 est
1244 2394 1387 2430 corpus
1421 2380 1569 2417 Christi
1589 2375 1640 2402 the
1661 2383 1745 2402 same
1764 2375 1852 2409 fflissg

1625 2410 1655 2437 in
1677 2409 1818 2437 different

257 2452 294 2480 et
338 2442 517 2491 sangwis.
570 2444 619 2478 Et
659 2442 874 2478 dicendum
920 2449 977 2478 est
1021 2439 1240 2477 scolasticis
1285 2440 1392 2488 quod
1437 2451 1568 2475 sacra-
1591 2444 1789 2472 termsethat
1808 2445 1858 2471 the

257 2509 449 2547 mentum,
495 2501 716 2537 secundum
757 2499 864 2548 quod
910 2499 1025 2547 panis
1071 2508 1138 2535 aut
1176 2498 1327 2545 vinum,
1373 2497 1569 2533 subiectat
1596 2479 1841 2547 nalgiuffiafflsetdss

257 2559 493 2596 naturaliter
536 2558 673 2595 omnia
720 2557 787 2594 illa
831 2556 1062 2594 accidencia
1106 2568 1182 2605 que
1235 2556 1447 2601 sentimus3
1501 2555 1570 2591 sed
1621 2549 1822 2610 qiqscghsg‘ssfft'ffi

197 2631 243 2662 40
256 2619 476 2654 secundum
500 2618 608 2665 quod
641 2629 787 2664 corpus
811 2615 971 2662 Christi,
1006 2615 1158 2651 confert
1181 2614 1356 2662 graciam
1388 2612 1571 2649 fidelibus
1674 2619 1763 2654 body.

256 2675 342 2723 ipsa
374 2675 516 2723 dignis.
551 2677 670 2712 Istam
705 2682 839 2711 autem
872 2672 1117 2710 sentenciam
1150 2685 1333 2721 propono
1365 2670 1571 2719 publicare

328 2852 368 2877 14.
391 2844 564 2871 accidenter
583 2844 616 2871 B.
680 2843 717 2871 15.
739 2843 778 2870 sit
797 2842 880 2870 deest
900 2843 932 2869 B.
996 2849 1038 2877 19,
1059 2846 1168 2869 natura
1188 2840 1278 2868 BCD.
1341 2848 1380 2867 21.
1402 2844 1516 2866 attoma
1539 2838 1572 2867 C.

258 2886 301 2914 27.
322 2879 449 2914 inquam
471 2878 560 2906 BCD.
633 2886 677 2912 4¹.
698 2878 822 2913 dignius
842 2877 875 2904 B.
