2099 3347
294 236 370 271 166

314 474 347 500 In
369 480 428 499 one
449 479 539 499 sense

301 508 351 534 the
372 508 554 535 Sacrament

355 542 381 569 is
402 549 495 577 many

303 577 477 609 accidents;
500 576 552 603 but

319 612 390 647 they
411 619 462 638 are
483 615 537 638 not

305 647 455 673 absolute.
476 645 502 672 It
521 646 548 672 is

317 681 348 708 in
370 689 429 707 one
450 688 540 707 sense

369 717 487 752 carthly

298 752 475 785 substance,
496 751 555 778 and

337 786 366 813 in
388 786 518 813 another

306 821 441 849 Christ's
463 821 554 857 body.

307 1168 379 1196 And
400 1166 543 1202 thinking

315 1203 350 1230 of
367 1202 423 1230 His
445 1202 543 1238 Body,

326 1246 371 1264 wc
390 1241 437 1264 eat
457 1237 531 1264 Him

336 1272 521 1308 spiritually.

310 1516 485 1544 Otherwise
505 1523 552 1542 we

323 1551 372 1578 onl
415 1555 463 1578 eat
483 1550 533 1577 the

301 1586 363 1613 acci
390 1590 468 1620 ents,
488 1585 560 1621 sign

335 1621 370 1648 of
388 1620 520 1648 Christ⁷s

380 1655 479 1691 body;

324 1757 371 1775 we
391 1747 534 1783 multiply

319 1791 457 1818 prayers,
477 1782 538 1809 and

369 1825 420 1844 are
439 1821 490 1853 yet

293 1852 423 1879 without
437 1851 566 1887 charity.

325 1921 385 1949 We
406 1930 481 1957 pray
501 1925 532 1948 to

317 1957 401 1984 learn
422 1961 452 1983 to
472 1956 541 1995 love

317 2000 374 2019 our
394 1999 539 2024 enermes,

302 2154 361 2182 and
383 2162 437 2190 say
456 2161 502 2180 we
523 2152 562 2180 do

329 2197 374 2223 so,
396 2189 449 2215 but
468 2188 490 2215 it
509 2188 536 2215 is

388 2224 473 2251 false.

346 2328 414 2356 The
435 2328 511 2356 false

309 2363 448 2391 teachers
468 2371 501 2390 as
521 2367 552 2389 to

312 2399 362 2425 the
383 2398 546 2425 Eucharist

336 2433 375 2461 do
397 2434 434 2460 all
456 2433 527 2460 this.

337 2504 366 2530 A
386 2507 527 2530 concrete

306 2538 423 2574 quality
442 2542 556 2565 cannot

298 2574 333 2600 be
353 2573 512 2600 increased
534 2581 569 2600 or

331 2608 533 2635 diminished.

1017 241 1241 274 JOIIANNIS
1267 241 1452 272 WYCLIF
1710 238 1798 266 CAP.
1819 237 1899 265 Xlll.

580 361 713 385 sermo
754 357 792 384 et
824 348 912 396 quis
944 356 1076 396 potest
1115 360 1205 383 eum
1246 346 1437 383 audire?”
1485 346 1691 394 perierunt
1730 346 1772 382 in
1810 360 1900 394 pro—

581 406 677 454 priis
699 405 944 443 vanitatibus
969 414 1018 451 et,
1053 405 1229 441 dicentes
1253 417 1293 441 se
1317 417 1400 441 esse
1424 404 1637 452 sapientes,
1671 404 1782 440 stulti
1805 404 1899 441 facti

580 473 685 510 sunt,
727 463 901 512 propriis
933 463 1122 499 funiculis
1155 462 1344 511 laqueati.
1392 462 1585 508 Quamvis
1625 462 1731 498 enim
1767 475 1899 499 sacra-

582 530 761 558 mentum
797 521 934 557 altaris
968 520 1017 557 sit
1051 520 1258 568 multiplex
1292 520 1476 557 accidens
1511 521 1561 557 ad
1594 532 1755 556 sensum
1790 520 1900 568 equi-

579 593 738 625 vocum,
785 592 866 615 non
910 587 1047 615 tamen
1087 587 1145 614 est
1184 578 1267 614 sine
1313 577 1507 625 subiecto,
1553 591 1644 614 cum
1686 579 1736 614 ad
1776 578 1934 614 alium5

580 650 742 674 sensum
766 636 964 673 subicitur
985 636 1209 673 formaliter
1232 636 1395 673 cuilibet
1420 635 1652 672 huiusmodi
1682 636 1899 681 accidenti3

581 704 618 732 et
650 704 728 731 stat
761 694 965 731 sentencia
986 694 1200 742 Augustini
1233 702 1270 730 et
1303 694 1639 742 philosophorum
1673 695 1782 742 quod
1815 694 1902 729 nul·
1916 697 1953 727 B.

581 754 663 790 lum
697 753 883 789 accidens
916 761 1048 800 potest
1073 764 1156 788 esse
1180 751 1263 788 sine
1287 751 1467 789 subiecto
1494 761 1531 788 et
1557 764 1628 800 per
1651 764 1901 800 consequens

580 811 712 859 ipsum
769 819 1068 847 sacramentum
1114 822 1195 846 non
1240 819 1298 846 est
1342 810 1527 846 accidens
1576 809 1660 846 sine
1707 809 1899 854 subiecto,

580 870 649 905 sed
693 868 733 905 in
777 877 922 905 natura
967 881 1037 904 sua
1081 877 1240 904 terrena
1286 868 1518 904 substancia
1563 876 1600 904 et
1645 869 1695 904 ad
1739 880 1900 904 sensum
1921 880 1960 901 10

580 927 703 964 alium
738 939 883 975 corpus
918 926 1079 972 Christi,
1114 927 1165 962 ad
1199 927 1308 974 quod
1337 927 1340 974 Ι
1369 926 1499 962 omnis
1533 925 1661 962 fidelis
1694 925 1734 962 in
1768 928 2039 962 menteB1ooc

581 986 699 1021 debet
732 985 953 1032 attendere,
986 984 1110 1032 pastis
1143 983 1323 1020 sensibus
1358 983 1509 1020 exiliter
1542 984 1648 1020 circa
1671 983 1901 1020 accidencia

581 1051 779 1091 quantum
813 1051 985 1091 oportet,
1027 1051 1064 1078 et
1097 1054 1291 1090 suspensa
1332 1041 1660 1078 consideracione
1694 1041 1800 1078 circa
1832 1054 1902 1077 na-

580 1109 713 1137 turam
745 1101 807 1136 vel
840 1100 1080 1149 quiditatem
1116 1099 1335 1136 materialis
1377 1099 1604 1136 substancie
1644 1099 1900 1136 sacramenti.

579 1160 681 1195 Tota
708 1166 843 1194 autem
867 1158 1098 1195 sollicitudo
1122 1157 1301 1194 fidelium
1326 1158 1442 1193 debet
1467 1170 1549 1194 esse
1572 1157 1613 1193 in
1637 1157 1900 1205 cogitacione,
1921 1157 1957 1190 15

581 1216 622 1252 in
653 1216 871 1253 affeccione
911 1225 948 1252 et
985 1215 1231 1263 imitacione,
1272 1215 1431 1264 corpori
1466 1215 1628 1262 Christi,
1668 1217 1777 1264 quod
1817 1228 1901 1251 sur-

581 1287 669 1310 sum
704 1282 762 1310 est
794 1274 1014 1319 intendere,
1062 1283 1099 1310 et
1136 1273 1268 1322 ipsum
1309 1274 1387 1309 fide
1426 1274 1601 1310 formata
1639 1273 1902 1322 spiritualiter

582 1333 841 1378 manducare,
876 1341 912 1369 et
944 1331 1172 1380 specialiter
1205 1333 1426 1368 secundum
1451 1331 1565 1380 panis
1590 1339 1627 1367 et
1648 1331 1729 1368 vini
1752 1331 1901 1380 signifi-

582 1390 764 1427 canciam
803 1390 843 1426 in
885 1390 1051 1427 caritate
1090 1390 1264 1437 fundari,
1312 1391 1419 1438 quod
1465 1391 1640 1426 habeant
1684 1389 1822 1427 omnia
1860 1389 1901 1425 in

583 1448 803 1485 communi.
1918 1456 1960 1477 20

640 1506 766 1543 Aliter
799 1506 905 1542 enim
940 1507 989 1543 ad
1022 1505 1083 1542 sui
1115 1505 1309 1542 iudicium
1344 1507 1591 1542 manducant
1625 1518 1770 1554 corpus
1797 1518 1902 1541 mor-

581 1573 695 1601 tuum
729 1563 985 1612 sacramenti,
1019 1565 1127 1613 quod
1159 1563 1384 1600 ostenditur
1416 1563 1457 1599 in
1490 1563 1754 1612 generacione
1787 1563 1902 1611 signa

582 1631 740 1659 terrena
773 1631 980 1671 querente,
1016 1631 1053 1659 et
1086 1622 1126 1658 in
1160 1621 1425 1659 contencione
1458 1634 1504 1658 ac
1537 1621 1802 1668 emulacione,
1837 1634 1901 1658 ac-

583 1680 718 1717 cidens
764 1681 873 1729 quod
917 1690 974 1717 est
1021 1680 1178 1729 signum
1226 1679 1406 1728 corporis
1452 1679 1604 1716 domini
1650 1680 1899 1716 comedente.

582 1738 900 1787 Multiplicantur
940 1738 1045 1775 enim
1090 1737 1312 1784 oraciones,
1357 1737 1566 1775 variantur
1610 1737 1825 1786 religiones
1865 1746 1902 1773 et
1918 1737 1957 1770 25

582 1805 803 1833 onerantur
847 1796 983 1833 fideles
1028 1808 1099 1844 per
1143 1797 1341 1832 humanas
1386 1795 1652 1843 tradiciones3
1698 1804 1734 1831 et
1766 1804 1902 1832 tamen

583 1856 632 1891 ab
672 1854 825 1902 origine
867 1854 1006 1890 mundi
1047 1867 1129 1890 non
1168 1854 1240 1890 fuit
1279 1853 1424 1890 caritas
1463 1853 1638 1901 tepidior
1682 1866 1802 1902 quam
1844 1861 1902 1889 est

584 1913 717 1949 modo.
763 1914 965 1961 Rogamus
1006 1911 1112 1948 enim
1152 1911 1237 1948 dari
1277 1911 1391 1948 nobis
1432 1911 1684 1959 disciplinam
1717 1910 1901 1947 inimicos

584 1970 760 2018 diligere,
794 1970 1031 2007 ordinamus
1063 1969 1272 2018 religiosos
1306 1969 1374 2018 qui
1408 1970 1612 2006 hortantes
1646 1971 1696 2006 ad
1728 1981 1868 2017 pacem
1896 1965 2022 2021 {Aob'b

584 2030 755 2065 doceant
789 2029 984 2064 mundum
1019 2036 1318 2076 contempnere,
1352 2036 1389 2064 et
1420 2027 1617 2064 instamus
1651 2028 1826 2073 cordate,
1860 2035 1904 2063 ut
1918 2028 1960 2060 30

584 2086 786 2134 fingimus,
820 2099 894 2134 pro
916 2086 1100 2122 libertate
1124 2085 1308 2131 ecclesie;
1343 2094 1379 2122 et
1402 2094 1538 2122 tamen
1560 2097 1632 2133 per
1654 2085 1901 2122 solucionem

585 2145 751 2181 sathane
789 2144 914 2192 patris
956 2143 1155 2180 mendacii
1195 2143 1378 2180 novimus
1413 2144 1485 2179 hec
1519 2143 1664 2189 dicere,
1706 2144 1775 2179 sed
1809 2155 1903 2179 con-

584 2202 754 2238 trarium
794 2201 960 2238 omnino
1000 2202 1142 2238 facere.
1190 2202 1307 2247 Quod
1348 2214 1438 2237 cum
1481 2201 1530 2237 sit
1562 2200 1712 2237 falsitas
1743 2199 1902 2237 veritati

584 2260 783 2308 opposita,
816 2268 926 2308 patet
958 2273 1080 2308 quam
1112 2269 1222 2296 torve
1256 2258 1547 2295 retrocedimus
1580 2267 1791 2307 tamquam
1825 2258 1902 2294 dis-

586 2318 662 2354 coli
703 2317 889 2366 discipuli
928 2317 1165 2354 antichristi.
1211 2319 1259 2353 Et
1291 2318 1363 2353 hec
1403 2316 1540 2353 omnia
1579 2317 1686 2353 scola
1723 2316 1832 2353 verbi
1866 2324 1903 2352 et
1919 2317 1958 2349 35

585 2375 718 2424 operis
758 2375 865 2412 circa
903 2384 1202 2412 sacramentum
1243 2374 1457 2411 eukaristie
1497 2374 1617 2411 efficit
1649 2374 1710 2410 vel
1742 2374 1901 2422 figurat.

645 2434 866 2470 Redeundo
899 2433 1019 2482 igitur
1052 2435 1101 2469 ad
1135 2434 1284 2469 scolam
1325 2432 1515 2480 priorem,
1561 2433 1755 2480 probatur
1793 2433 1902 2480 quod
1919 2433 1956 2464 C-

586 2500 885 2528 sacramentum
910 2491 1045 2528 altaris
1069 2503 1151 2527 non
1183 2491 1233 2527 sit
1254 2490 1423 2539 qualitas
1457 2490 1541 2527 sine
1574 2490 1766 2526 subiecto.
1799 2492 1901 2526 Nam

586 2549 696 2585 nulla
742 2549 915 2598 qualitas
963 2557 1095 2597 potest
1139 2548 1293 2585 intendi
1338 2549 1399 2585 vel
1439 2546 1443 2599 1
1484 2547 1634 2584 remitti
1681 2547 2041 2584 seeundumssmod

587 2607 773 2643 ultimum
813 2607 1035 2655 singulare3
1083 2607 1152 2643 sed
1197 2607 1273 2643 hoc
1321 2614 1619 2643 sacramentum
1667 2614 1812 2654 potest,
1860 2614 1961 2649 ut4o

584 2674 694 2714 patet
728 2677 771 2701 ex
805 2664 939 2711 dictis;
973 2664 1095 2711 igitur
1127 2665 1258 2713 ipsum
1293 2677 1374 2701 non
1407 2673 1464 2700 est
1496 2663 1720 2700 formaliter
1752 2663 1903 2700 scilicet

587 2722 772 2771 qualitas.
816 2723 945 2759 Maior
984 2732 1092 2771 patet
1126 2735 1169 2759 ex
1201 2723 1278 2759 hoc
1317 2723 1426 2770 quod
1466 2721 1557 2758 ideo
1598 2730 1656 2758 est
1688 2730 1818 2758 motus
1852 2722 1902 2758 ad

606 2834 684 2896 dmg.
705 2833 791 2895 εὲιίιιε
812 2833 884 2861 libet
904 2833 938 2861 B.
1018 2832 1058 2861 18.
1080 2833 1132 2860 sed
1155 2832 1216 2861 BC.
1296 2840 1338 2869 ¹9-
1359 2832 1479 2860 fundati
1500 2840 1603 2860 omnes
1622 2832 1713 2860 MSS.
1787 2831 1826 2861 31.
1848 2832 1901 2860 tin-

585 2876 612 2900 ‚ff
682 2876 695 2895 s
743 2889 749 2895 .
