2099 3347
237 281 315 325 246

286 519 405 548 Words
426 519 461 546 of

299 555 343 584 St.
363 553 443 581 John

257 589 478 617 Damascenus.

262 807 424 843 Anecdote
444 807 483 842 by

285 844 336 877 the
357 842 463 870 Abbot

256 878 362 909 Daniel
384 877 415 904 in
436 877 486 903 the

263 913 353 944 Lives
373 912 413 946 Qf
427 911 477 938 the

235 949 344 977 Desert
363 946 503 976 fathers.

234 985 285 1012 An
305 983 357 1011 old
377 980 500 1016 Father,

275 1018 347 1053 holy
364 1016 393 1044 in
413 1015 475 1049 life,

261 1051 399 1080 believed
420 1051 485 1078 that

965 286 1189 318 JOHANNIS
1214 286 1400 318 WYCLIF
1631 283 1721 312 CAP·
1741 284 1837 312 XVII.

524 392 650 441 patris
696 391 815 428 mei.''
877 393 997 437 “Qua
1046 392 1086 428 in
1137 393 1291 441 parte,''
1345 391 1475 441 inquit
1525 402 1698 439 sanctus,
1750 393 1837 430 “in-

523 450 706 487 venimus
740 449 905 486 calicem
940 449 1107 486 mixtum
1142 450 1262 486 fuisse
1294 462 1414 499 quern
1448 450 1606 496 obtulit,
1641 460 1679 487 et
1699 451 1835 488 vinum

523 508 643 545 fuisse
666 509 775 556 quod
797 507 1042 556 sangwinem
1066 521 1183 545 suum
1208 507 1345 544 dixit.''
1376 510 1424 544 Et
1447 510 1648 545 Johannes
1672 511 1838 546 Damas-

524 578 645 603 cenus
691 567 842 602 Grecus
886 565 1024 602 scribit
1063 565 1068 618 Ι
1109 565 1150 602 in
1196 565 1409 603 sentenciis
1455 566 1536 603 suis
1589 568 1697 615 quod
1742 568 1977 604 deusA121c

525 623 784 672 “coniugavit
816 623 911 672 pani
943 632 981 660 et
1012 623 1105 660 vino
1138 623 1328 661 deitatem
1362 636 1475 661 suam
1510 633 1547 661 et
1579 624 1671 661 fecit
1707 624 1870 673 ipsam5

524 694 669 730 corpus
715 690 752 718 et
799 681 1085 729 sangwinem’'.
1138 683 1187 718 Et
1230 681 1337 719 idem
1387 682 1524 719 dicunt
1571 682 1698 719 sancti
1744 686 1895 720 con-O.

525 739 710 776 corditer.

582 798 709 843 Unde,
754 796 796 832 in
826 795 930 832 Vitis
970 798 1135 834 Patrum
1182 806 1372 835 narratur
1417 798 1594 846 capitulo
1632 799 1693 845 18,
1739 812 1837 848 quo-

525 856 647 892 modo
680 854 857 891 narravit
891 855 1014 891 abbas
1037 854 1180 892 Daniel
1213 855 1369 892 dicens:
1404 855 1529 893 “dixit
1561 865 1675 904 pater
1703 865 1838 893 noster

525 914 648 950 abbas
679 911 869 949 Arsenius
903 913 950 949 de
983 914 1159 961 quodam
1200 926 1305 960 sene,
1350 913 1419 962 qui
1464 927 1632 962 magnus
1676 923 1761 951 erat
1798 914 1838 951 in
1857 927 1896 947 10

525 972 599 1008 hac
642 970 734 1017 vita,
782 970 951 1018 simplex
995 980 1129 1008 autern
1176 971 1216 1007 in
1255 971 1352 1018 fide3
1401 980 1438 1008 et
1482 974 1640 1009 errabat
1684 985 1758 1021 pro
1791 985 1837 1009 eo

526 1029 634 1078 quod
667 1036 752 1065 erat
783 1027 921 1075 ydiota
954 1037 991 1065 et
1024 1029 1183 1066 dicebat
1227 1029 1465 1066 naturaliter
1508 1042 1589 1066 non
1634 1043 1718 1067 esse
1750 1043 1838 1067 cor-

235 1089 286 1116 the
306 1085 509 1115 sacramenta!
524 1099 599 1135 pus
632 1085 781 1123 Christi
808 1083 813 1137 Ι
841 1098 986 1134 panem
1021 1099 1139 1135 quem
1182 1087 1391 1134 sumimus,
1436 1088 1505 1124 sed
1544 1087 1714 1136 figuram
1754 1088 1878 1125 eiusB
1899 1088 1976 1121 126‘¹

236 1122 328 1151 bread
350 1128 414 1148 was
438 1120 511 1157 only

265 1158 320 1197 the-
335 1157 429 1203 figure
449 1155 484 1183 of

247 1192 353 1221 Christ
367 1199 380 1218 s
401 1189 493 1225 body.

241 1505 288 1532 He
306 1513 371 1532 was
390 1504 454 1532 told
474 1509 505 1531 to

237 1539 351 1567 believe
371 1540 436 1567 that
454 1539 504 1566 the

285 1574 376 1602 bread
397 1582 462 1601 was

247 1609 341 1645 really
361 1608 493 1637 Christ⁷s

328 1644 419 1681 body.

271 1912 340 1942 But,
361 1912 398 1939 he
418 1915 470 1938 not

248 1946 338 1985 being
358 1945 492 1973 satisfied

287 1981 362 2008 with
382 1980 461 2008 their

305 2023 442 2051 reasons,

245 2144 317 2181 they
335 2143 417 2171 said:
440 2143 503 2183 ‘Let

270 2188 305 2206 us
318 2179 483 2241 κῖἑεέζῖῒῐῃε

254 2317 301 2345 He
321 2317 487 2345 consented

270 2352 329 2380 and
351 2352 475 2389 prayed.

280 2548 321 2576 So
342 2548 393 2576 did
415 2549 465 2576 the

317 2583 431 2611 others.

526 1157 622 1181 esse.
668 1146 755 1180 Hoc
788 1153 921 1180 autem
957 1145 1165 1182 audientes
1198 1146 1278 1182 duo
1310 1157 1424 1182 senes
1457 1154 1494 1182 et
1526 1146 1696 1183 scientes
1729 1148 1838 1195 quod

525 1214 671 1250 magna
723 1210 824 1238 esset
852 1201 947 1238 ‚vita
991 1202 1088 1249 eius,
1135 1202 1411 1251 cogitaverunt
1455 1203 1550 1252 quia
1601 1204 1894 1241 innocenter15

525 1269 563 1296 et
594 1259 833 1308 simpliciter
865 1259 961 1296 dixit
995 1262 1082 1298 hoc.
1116 1263 1165 1297 Et
1187 1269 1379 1298 venerunt
1407 1262 1457 1298 ad
1491 1273 1596 1308 eum,
1630 1271 1671 1298 et
1700 1262 1839 1299 dicunt

525 1318 579 1355 ei:
640 1319 779 1364 ‘Abba,
831 1330 1059 1355 sermonem
1110 1318 1338 1355 audivimus
1389 1318 1598 1356 cuiusdam
1650 1320 1837 1367 infidelis,

525 1375 593 1425 qui
640 1375 737 1412 dixit
786 1375 879 1424 quia
916 1376 1031 1424 panis
1070 1390 1187 1426 quem
1234 1377 1431 1413 sumimus
1475 1390 1556 1413 non
1600 1378 1839 1415 naturaliter

526 1446 671 1482 corpus
717 1433 879 1480 Christi,
926 1436 994 1471 sed
1039 1434 1167 1483 figura
1212 1436 1296 1471 ests
1349 1436 1476 1472 Senex
1520 1434 1576 1472 ait
1621 1435 1694 1472 eis:
1742 1438 1839 1484 ‘Ego

525 1505 612 1528 sum
646 1491 714 1540 qui
747 1493 822 1528 hoc
855 1491 959 1528 dixi!
1006 1492 1065 1529 Illi
1105 1501 1237 1529 autem
1281 1494 1477 1541 rogabant
1510 1506 1600 1530 eum
1641 1493 1897 1531 dicentes:20

526 1552 622 1586 ‘non
674 1549 730 1586 sic
785 1558 933 1597 teneas,
983 1551 1098 1597 abba,
1152 1552 1220 1587 sed
1268 1550 1370 1587 sicut
1422 1551 1588 1588 ecclesia
1642 1551 1840 1589 catholica

525 1607 703 1644 tradidit.
737 1609 818 1644 Nos
850 1616 985 1645 autem
1019 1608 1233 1655 credimus,
1268 1608 1363 1657 quia
1384 1608 1500 1657 panis
1524 1622 1670 1657 corpus
1690 1609 1839 1647 Christi

526 1675 596 1713 est,
642 1665 741 1702 calix
779 1665 863 1713 ipse
902 1666 1071 1715 sangwis
1104 1666 1253 1704 Christi
1298 1669 1519 1704 secundum
1558 1666 1769 1704 veritatem
1803 1676 1841 1705 et

525 1737 606 1760 non
638 1724 859 1760 secundum
893 1724 1078 1772 figuram.
1112 1725 1190 1760 Sed
1213 1724 1326 1761 sicud
1347 1724 1388 1761 in
1413 1724 1611 1773 principio
1634 1726 1839 1774 pulverem

526 1783 574 1818 de
606 1790 712 1818 terra
757 1781 960 1830 accipiens
1004 1782 1218 1831 plasmavit
1263 1783 1468 1819 hominem
1514 1784 1565 1820 ad
1608 1783 1839 1832 ymaginem
1857 1783 1897 1817 25

526 1852 653 1885 suam,
687 1849 723 1876 et
754 1852 874 1876 nemo
906 1849 1035 1888 potest
1067 1840 1198 1877 dicere
1231 1842 1340 1889 quod
1373 1853 1455 1878 non
1488 1850 1573 1877 erat
1594 1854 1739 1890 ymago
1763 1841 1839 1889 dei,

527 1897 709 1946 quamvis
756 1897 1187 1946 incomprehensibilis.
1240 1900 1297 1935 Ita
1342 1908 1379 1935 et
1421 1899 1536 1947 panis
1580 1912 1700 1948 quem
1746 1899 1842 1936 dixit

527 1955 620 2004 quia
661 1968 803 2005 corpus
840 1968 964 1992 meum
1004 1964 1059 1993 est
1103 1956 1304 1994 credimus
1348 1956 1443 2005 quia
1486 1958 1707 1994 secundum
1740 1957 1841 1994 veri-

526 2023 647 2050 tatem
694 2026 839 2062 corpus
879 2014 1026 2050 Christi
1065 2015 1150 2051 est.’
1197 2015 1323 2052 Senex
1367 2024 1501 2052 autem
1541 2015 1595 2051 ait
1633 2015 1701 2062 eis,
1747 2015 1841 2065 quia

528 2071 617 2108 ‘nisi
659 2084 702 2108 re
739 2071 826 2120 ipsa
864 2084 1089 2120 cognovero
1118 2069 1162 2123 Ι,
1207 2085 1288 2109 non
1336 2072 1457 2109 michi
1495 2072 1689 2110 satisfacit
1731 2073 1979 2111 racioA121‘i

526 2131 684 2166 vestra⁷.
718 2129 777 2166 Illi
813 2139 947 2166 autem
981 2130 1163 2166 dixerunt
1191 2132 1241 2167 ad
1270 2143 1380 2168 eum:
1415 2132 1692 2179 ‘deprecemur
1720 2133 1840 2168 deum

527 2188 753 2224 ebdomada
786 2188 860 2224 hac
893 2189 940 2224 de
973 2187 1153 2225 misterio
1186 2189 1275 2235 hoc,
1310 2197 1347 2225 et
1381 2188 1583 2225 credimus
1617 2189 1711 2238 quia
1744 2191 1840 2226 deus

526 2245 718 2282 revelabit
757 2245 901 2282 nobis'.
948 2247 1075 2283 Senex
1112 2258 1207 2283 vero
1240 2259 1329 2283 cum
1369 2246 1517 2295 gaudio
1555 2247 1730 2295 suscepit
1761 2260 1841 2284 ser-

527 2316 689 2341 monem
721 2303 855 2350 istum,
895 2312 932 2341 et
965 2305 1257 2352 deprecabatur
1287 2305 1406 2341 deum
1440 2304 1601 2341 dicensz·
1640 2305 1840 2352 ‘Domine,

529 2370 572 2397 tu
596 2361 817 2410 cognoscis,
851 2361 1043 2410 quoniam
1076 2375 1158 2399 non
1180 2371 1343 2411 propter
1377 2362 1579 2399 maliciam
1612 2362 1841 2399 incredulus
1856 2365 1896 2398 35

526 2432 613 2456 sum
659 2420 716 2456 rei
762 2419 892 2466 huius,
940 2421 1009 2456 sed
1054 2432 1125 2468 per
1168 2419 1445 2468 ignoranciam
1492 2420 1644 2457 dubito.
1698 2421 1842 2458 Revela

526 2477 648 2526 igitur
692 2476 828 2524 michi,
875 2477 1037 2515 domine
1075 2480 1166 2514 Jesu
1207 2477 1376 2524 Christe,
1421 2480 1530 2527 quod
1573 2491 1710 2515 verum
1757 2480 1839 2515 est.'

528 2537 606 2573 Sed
639 2544 677 2572 et
709 2534 765 2571 illi
804 2547 917 2572 senes
961 2537 1153 2572 abeuntes
1185 2535 1225 2572 in
1258 2536 1377 2573 cellas
1421 2548 1512 2572 suas
1556 2537 1752 2584 rogabant
1783 2536 1841 2572 di-
1855 2539 1892 2570 P.

528 2602 680 2630 centes:
727 2593 914 2630 ‘Domine
957 2595 1048 2630 Jesu
1092 2593 1265 2640 Christe,
1312 2594 1443 2630 revela
1486 2593 1570 2630 seni
1616 2593 1841 2630 misterium

527 2652 617 2698 hoc,
650 2660 694 2687 ut
717 2652 853 2688 credat
883 2660 920 2688 et
950 2664 1032 2688 non
1063 2652 1205 2699 perdat
1237 2652 1415 2688 laborem
1451 2652 1596 2688 suum.'
1631 2651 1899 2695 Exaudivit4o

595 2794 625 2827 4.
647 2785 718 2824 quia
733 2786 766 2812 B.
811 2787 851 2827 .6·
872 2793 987 2819 corpus
1007 2786 1184 2827 suquCD.
1241 2793 1284 2821 19.
1305 2785 1382 2825 dixit
1401 2785 1441 2825 B„
1490 2792 1534 2812 22.
1556 2785 1645 2821 panis
1665 2785 1730 2820 ipse
1750 2785 1841 2814 BCD.

527 2818 570 2848 23.
592 2820 708 2848 Lhrlstl
729 2824 775 2847 est
794 2820 858 2848 (A).
925 2827 973 2855 29·
995 2820 1072 2848 dixit
1092 2820 1157 2848 (Χ).
1189 2828 1191 2830 ·
1225 2818 1269 2848 32.
1291 2824 1465 2848 ministerlo
1485 2820 1518 2848 Β.
1591 2828 1641 2854 40.
1663 2828 1787 2855 nonque
1808 2820 1839 2849 Β.

595 2902 627 2935 6.
653 2903 705 2935 De
723 2903 810 2935 Vitis
828 2903 969 2934 Pati-um
995 2903 1017 2935 l.
1034 2913 1067 2934 v.
1093 2903 1212 2935 libello
1239 2902 1290 2935 18.
1315 2903 1444 2945 Migne,
1470 2909 1493 2935 t.
1522 2904 1577 2946 73,
1605 2914 1638 2945 p.
1656 2901 1734 2947 978,
1760 2913 1839 2947 979.
