2099 3347
245 252 334 282 CAP-
356 252 435 283 XVI·
725 255 786 289 DE
813 254 1082 289 APOSTASIA.

242 371 373 411 potest
417 362 495 399 dici
537 362 808 399 substancia''.
862 365 910 399 Et
952 362 1068 410 infra,
1114 361 1291 410 capitulo
1338 363 1397 409 80,
1444 361 1557 411 ponit

243 433 335 468 sepe
359 422 468 469 quod
496 434 619 457 unum
645 421 888 457 elementum
921 419 1331 457 transsubstanciatur
1362 420 1403 456 in
1426 420 1554 467 aliud3

242 477 333 515 ideo
367 478 625 515 manifestum
670 487 741 524 est,
788 491 877 514 curn
913 478 1025 527 ponit
1069 478 1110 514 in
1141 477 1253 515 omni
1287 478 1357 514 tali
1389 491 1555 526 genera-

105 536 228 571 A108b
243 531 357 572 cion'e
391 536 641 573 materialem
675 536 895 573 essenciam
939 548 1161 583 remanere,
1191 534 1195 586 Ι
1225 537 1334 584 quod
1367 549 1449 572 non
1481 535 1556 572 fuit

210 593 481 631 Sintencionis
504 607 573 631 sue
606 593 739 631 dicere
764 603 916 630 motum
947 594 1059 630 illum
1083 593 1555 630 transsubstanciacionis

241 665 323 689 non
356 665 440 689 esse
471 652 511 689 in
544 651 680 701 aliquo
713 651 942 689 subiective.

186 711 226 743 E.
299 712 348 746 Et
380 710 455 747 ista
497 710 656 747 videtur
690 722 772 746 esse
818 709 1021 746 sentencia
1066 709 1170 746 beati
1216 708 1357 746 Isidori
1402 708 1443 744 in
1475 721 1555 745 ser-

103 770 129 801 B
150 766 228 810 114d
242 780 361 805 mone
394 769 441 804 de
475 781 643 816 corpore
677 776 714 804 et
746 781 817 804 san
843 765 848 819 Ι
877 768 1003 816 gwine
1036 767 1199 814 Christi,
1233 767 1301 816 qui
1333 779 1466 803 sermo
1499 766 1555 803 sic

241 825 400 874 incipit:
446 826 708 877 “Affagm'tudo
747 826 941 862 celestium
982 826 1251 875 beneficiorum
1285 832 1320 860 et
1351 825 1555 875 angustias

189 884 405 920 1olmmane
427 884 562 920 mentis
584 881 771 920 excedit.''
804 883 965 930 “Tibi,''
1000 883 1143 932 inquit,
1171 882 1445 931 “impossibile
1469 894 1553 919 esse

240 955 322 978 non
355 944 472 978 debet
505 943 613 990 quod
644 941 684 977 in
708 941 856 978 Christi
889 941 1161 978 substanciam
1185 950 1344 977 terrena
1377 949 1414 977 et
1449 954 1554 977 mor-

242 1000 338 1036 talia
384 1001 727 1036 commutentur.'⁷
762 1002 811 1036 Et
855 1001 1033 1036 declarat
1077 999 1176 1035 illud
1221 1011 1292 1047 per
1325 999 1554 1047 exemplum

240 1058 430 1094 notabile.
468 1058 550 1094 “Te
583 1058 758 1105 ipsum,''
793 1057 936 1106 inquit,
986 1055 1081 1106 “qui
1113 1057 1192 1093 iam
1226 1057 1267 1093 in
1300 1056 1461 1093 Christo
1494 1070 1554 1093 re-

240 1124 358 1152 natus
392 1129 445 1162 es,
489 1115 707 1163 interrogo,
748 1116 900 1152 dudum
939 1115 1093 1152 alienus
1133 1128 1155 1151 a
1192 1115 1286 1162 vita,
1320 1114 1554 1164 peregrinus

188 1174 262 1210 15a
296 1173 584 1219 misericordia,
631 1187 654 1210 a
691 1173 830 1210 salutis
869 1173 933 1210 via
976 1173 1215 1209 intrinsecus
1249 1182 1431 1210 mortuus
1465 1185 1554 1209 exu-

240 1233 372 1277 labas;
397 1232 530 1268 subito
548 1231 734 1268 iniciatus
752 1231 899 1268 Christi
916 1231 1069 1279 legibus
1093 1240 1130 1267 et
1153 1231 1394 1268 salutaribus
1418 1231 1553 1267 miste-

240 1289 308 1326 riis
353 1289 580 1337 innovatus,
633 1289 674 1326 in
720 1302 865 1338 corpus
918 1289 1097 1336 ecclesie,
1145 1302 1227 1326 non
1271 1289 1440 1326 vivendo
1485 1290 1554 1326 sed

240 1349 440 1384 credendo
472 1347 664 1395 transisti,
699 1356 737 1384 et
770 1349 818 1384 de
853 1347 933 1384 filio
966 1347 1212 1396 perdicionis
1246 1347 1459 1395 adoptivus
1491 1347 1554 1383 dei

240 1405 325 1442 fieri
356 1407 515 1442 occulta
548 1415 747 1454 potestate
778 1405 957 1442 meruisti
989 1405 1030 1442 in
1063 1418 1253 1442 mensura
1285 1404 1432 1442 visibili
1464 1417 1553 1453 per-

183 1477 224 1498 20
242 1476 427 1509 manens;
480 1463 609 1500 maior
652 1464 780 1500 factus
831 1476 870 1500 es
920 1472 957 1499 te
1011 1463 1099 1512 ipso
1151 1463 1416 1510 invisibiliter,
1469 1462 1553 1499 sine

239 1521 475 1570 quantitatis
508 1531 768 1570 augumento,
793 1534 884 1558 cum
907 1521 1012 1557 idem
1038 1530 1159 1570 atquc
1181 1521 1266 1570 ipse
1298 1534 1402 1557 esses
1427 1521 1553 1557 multo

240 1580 355 1616 aliter
388 1579 472 1616 fieri
503 1579 594 1615 fidei
628 1580 882 1628 processibus
907 1579 1098 1616 meruisti.
1138 1582 1181 1616 In
1214 1578 1399 1615 exteriori
1430 1578 1555 1615 nichil

241 1638 422 1674 additum
457 1647 526 1684 est,
562 1646 599 1674 et
632 1647 761 1674 totum
794 1638 834 1673 in
868 1637 1049 1674 interiori
1096 1646 1295 1673 mutatum
1331 1646 1407 1682 est,
1442 1650 1488 1673 ac
1521 1637 1552 1673 si

242 1697 363 1732 horno
409 1695 557 1732 Christi
610 1695 714 1732 filius
760 1696 936 1741 effectus,
981 1705 1018 1732 et
1063 1695 1246 1732 Christus
1290 1695 1331 1731 in
1376 1694 1553 1731 hominis

184 1755 224 1788 25
241 1763 373 1790 mente
415 1754 612 1790 formatus
661 1763 731 1790 est.
778 1753 843 1790 Sic
882 1753 1002 1801 igitur
1046 1753 1132 1790 sine
1176 1753 1379 1801 corporali
1418 1765 1552 1799 sensu,

240 1811 395 1859 peccati
426 1811 578 1848 vilitate
612 1811 809 1860 deposita,
851 1811 984 1848 subito
1017 1824 1163 1848 novam
1196 1811 1361 1847 indutus
1395 1823 1434 1847 es
1468 1811 1551 1859 dig-

239 1870 419 1908 nitatem.
455 1872 503 1905 Et
537 1870 639 1906 sicut
672 1871 748 1906 hoc
781 1871 887 1918 quod
912 1870 953 1905 in
985 1879 1022 1905 te
1056 1871 1153 1906 deus
1186 1870 1267 1906 lesa
1300 1869 1469 1914 curavit,
1493 1868 1552 1904 in-

100 1929 224 1962 Aiossc
238 1928 342 1964 fecta
374 1928 502 1974 diluit,
528 1929 729 1964 maculata
757 1926 762 1979 Ι
791 1928 969 1974 detersit,
994 1941 1075 1964 non
1108 1928 1247 1973 oculis,
1274 1929 1342 1963 sed
1371 1926 1552 1963 sensibus

239 1994 330 2022 sunt
369 1986 538 2029 credita;
579 1986 634 2022 ita
667 1995 703 2022 et
737 1999 827 2022 cum
862 1987 1124 2022 reverendum
1160 1986 1286 2022 altare
1320 1985 1417 2021 cibis
1449 1984 1550 2021 saci-

183 2045 366 2080 3oandus
399 2043 595 2090 ascendis,
639 2057 796 2080 sacram
837 2044 899 2079 dei
938 2043 996 2079 tui
1039 2056 1185 2091 corpus
1229 2052 1265 2079 et
1308 2043 1551 2091 sangwinern

240 2101 316 2138 fide
361 2102 527 2150 respice,
577 2103 744 2148 honora,
799 2101 958 2147 mirare,
1009 2111 1140 2137 mente
1184 2101 1384 2149 continge,
1428 2113 1550 2137 manu

239 2160 370 2196 cordis
394 2160 564 2208 suscipe,
600 2169 637 2195 et
662 2160 832 2196 maxime
859 2168 976 2207 gustu
1009 2159 1191 2196 interiori
1226 2159 1424 2196 assume.''
1461 2158 1551 2195 Sive

239 2226 374 2254 autem
425 2218 497 2254 iste
547 2230 679 2255 sermo
726 2218 844 2254 fuerit
887 2217 1089 2254 Ambrosii
1134 2217 1213 2253 sive
1251 2216 1424 2263 Ysidori,
1470 2216 1550 2253 sive

99 2276 411 2322 B115²³Eusebii,
447 2289 537 2312 cum
570 2276 718 2312 fuerint
750 2288 829 2311 una
862 2275 994 2312 fistula
1027 2275 1197 2323 spiritus
1217 2274 1358 2321 sancti,
1389 2271 1393 2327 Ι
1422 2274 1549 2310 mani-

181 2335 221 2369 35
238 2334 382 2370 festum
417 2343 487 2380 est,
533 2335 642 2382 quod
674 2334 855 2381 exemplo
901 2335 1049 2370 docent
1082 2332 1358 2381 supradictam
1392 2340 1549 2368 senten-

238 2391 355 2437 ciam,
390 2404 480 2428 cum
526 2392 642 2428 aliter
674 2392 805 2428 forent
849 2390 1156 2439 inpertinencia,
1203 2392 1312 2439 quod
1345 2389 1434 2438 pius
1466 2403 1548 2426 non

239 2449 400 2487 diceret.
450 2451 562 2487 Unde
595 2450 775 2498 sequitur
820 2449 858 2484 in
905 2451 1048 2485 eodem
1094 2461 1299 2485 sermone:
1347 2449 1548 2484 “Adverte

238 2520 358 2555 quarn
394 2507 597 2544 evidenter
641 2516 797 2544 constet
829 2507 909 2543 vini
944 2516 1172 2543 creaturam
1207 2505 1357 2543 Christi
1390 2505 1551 2553 sangui-

307 2661 327 2679 1.
349 2653 474 2688 ponitur
489 2651 578 2680 BCD.
633 2660 659 2685 7.
682 2660 749 2680 esse
762 2651 847 2679 deest
866 2652 900 2680 C.
958 2660 991 2679 11.
1014 2652 1096 2679 iuxta
1116 2651 1152 2679 D.
1210 2660 1251 2686 14.
1272 2652 1427 2687 interroga
1446 2650 1549 2686 ACD;

236 2686 274 2714 ib.
297 2687 466 2723 peregrinis
479 2687 546 2715 AC.
621 2687 658 2715 15.
680 2687 783 2714 anima
799 2695 860 2721 pro
880 2695 896 2713 a
913 2687 1124 2714 misericordia
1144 2686 1181 2713 D.
1255 2694 1295 2722 ¹7·
1317 2686 1473 2713 innovatis
1487 2685 1547 2714 BC.

236 2729 282 2749 22.
297 2722 383 2749 aliter
397 2721 461 2750 CI).
511 2729 555 2756 27.
572 2722 616 2749 sic
631 2724 667 2749 Α.
723 2729 770 2756 29,
787 2721 831 2749 30.
848 2721 990 2749 secandis
1005 2721 1144 2749 ostendis
1159 2721 1248 2748 BCD.
1304 2720 1350 2748 30.
1367 2729 1487 2748 sacram
1501 2721 1546 2754 A;

237 2761 463 2785 sacramentum
484 2756 580 2791 BCD;
601 2757 638 2784 ib.
659 2757 707 2784 cui
728 2765 832 2784 omnes
846 2756 937 2784 MSS.
992 2755 1031 2783 31.
1054 2756 1171 2783 honore
1192 2755 1280 2783 BCD.
1338 2754 1384 2789 34.
1406 2756 1497 2783 fuerit
1509 2757 1548 2783 A.

235 2789 277 2818 35.
298 2793 438 2827 exempla
457 2791 546 2819 BCD.
628 2790 672 2819 38.
694 2795 815 2818 constat
835 2791 873 2825 ss;
896 2791 934 2818 ib.
956 2791 1137 2826 sanguinem
1157 2791 1241 2818 deest
1260 2790 1350 2818 BCD.

305 2884 337 2917 9.
363 2874 441 2906 Isid.
469 2876 526 2907 ubi
550 2885 671 2916 supra.
698 2876 825 2916 Migne,
852 2881 874 2905 t.
901 2873 955 2915 83,
982 2885 1014 2916 p.
1047 2873 1142 2906 1225.

1348 2934 1415 2972 14³⁶

1764 256 1838 286 211

1594 430 1653 457 and
1675 431 1764 457 when
1786 429 1822 457 he

1588 473 1601 491 s
1627 465 1699 493 eaks
1719 465 1754 492 of
1770 472 1828 492 one

1585 507 1599 526 e
1614 504 1716 527 emerit
1737 500 1828 533 being

1593 534 1826 562 transsubstan-

1618 569 1710 596 tiated
1731 569 1796 596 into

1639 604 1780 631 another.

1634 720 1676 748 So
1697 719 1772 747 does

1630 754 1782 782 Isidorus.

1612 835 1803 869 Quotations

1628 870 1709 897 from
1731 870 1793 897 this

1646 906 1767 932 author.

1592 2340 1618 2367 It
1637 2340 1662 2367 is
1683 2339 1806 2368 evident

1581 2375 1646 2401 that
1667 2375 1716 2402 the
1738 2375 1819 2412 Holy

1574 2408 1675 2436 Ghost
1695 2409 1829 2438 dictated

1658 2445 1744 2471 these

1599 2479 1808 2514 expressions.
