2099 3347
115 783 157 814 O.

51 830 77 860 Λ
100 833 158 872 91⁰

118 898 156 918 ῘΟ

117 1175 153 1207 15

47 2507 73 2537 Α
94 2504 152 2549 91⁸¹

108 2633 152 2663 40

176 253 266 282 CAP.
288 253 352 281 KH.
658 257 717 289 DE
745 257 1012 290 APOSTASIA.

173 375 243 410 per
275 363 524 399 oblacionem
571 372 795 407 mutantur;
841 364 959 412 igitur
1006 364 1158 409 melius,
1203 373 1356 400 servata
1400 375 1487 411 per-

173 434 283 457 sona.
329 421 532 469 Numquid
580 422 759 468 ydolatre
798 423 980 458 alludunt
1014 422 1215 459 erroribus
1248 421 1484 469 pontificum

173 479 398 526 ydolorum,
433 479 501 527 qui
534 479 697 526 perditis
731 480 982 527 magnatibus
1007 489 1133 516 morte
1158 479 1307 527 duplici
1333 479 1484 526 fingunt

173 538 281 584 quod
314 536 537 584 rapiuntur,
571 546 613 573 ut
645 536 753 582 socii,
788 537 827 572 in
861 538 1024 573 deorum
1060 550 1223 574 suorum
1249 537 1484 584 collegium?

174 593 253 640 Sic,
287 594 488 642 inquiunt,
521 594 634 642 panis
669 595 910 631 convertitur
944 595 984 631 in
1018 608 1161 643 corpus
1196 594 1356 640 Christi,
1404 607 1484 630 non

172 651 273 688 sicut
305 652 489 688 accidens
532 652 572 688 in
617 661 760 688 natura
803 662 1022 692 servatum:
1070 654 1138 689 sed
1182 665 1380 700 nusquam
1429 652 1485 688 rei

172 709 295 757 ipsius
329 709 556 758 relinquens
580 709 745 758 aliquid,
779 719 861 746 tam
885 713 1105 747 secundum
1131 710 1337 746 materiam
1365 722 1484 759 quam

175 768 344 803 formam
378 767 541 804 omnino
575 768 806 804 destruitur.

231 828 342 872 Item,
389 826 513 862 multa
558 835 649 862 sunt
694 826 924 863 accidencia
974 826 1014 863 in
1044 826 1047 876 Ι
1078 826 1206 863 hostia
1252 834 1485 862 consecrata

171 895 248 932 que
280 883 564 929 subiectantur,
597 892 640 919 ut
672 892 828 932 oportet
861 884 995 921 fideles
1029 886 1190 920 credere
1223 885 1270 920 de
1303 883 1485 920 acciden—

170 941 274 977 tibus
308 941 553 989 respectivis;
587 941 790 989 quantitas
824 942 950 978 eciam
985 951 1021 978 et
1054 942 1238 991 qualitas,
1274 954 1362 978 curn
1396 954 1485 989 pos-

170 1007 261 1035 sunt
294 998 448 1047 acquiri
483 1008 518 1035 et
550 999 676 1047 perdi,
711 1008 803 1035 sunt
837 999 877 1036 in
910 1000 1046 1048 aliquo
1079 1000 1315 1045 subiective3
1362 999 1484 1047 igitur

170 1057 267 1092 illud
312 1057 421 1093 iuxta
465 1056 759 1105 descripciones
803 1058 1149 1106 philosophorum,
1198 1066 1356 1105 oportet
1402 1069 1484 1093 esse

169 1114 440 1151 substanciam
474 1114 703 1151 distinctam
750 1128 771 1151 a
815 1128 957 1152 novem
998 1116 1210 1164 generibus
1244 1114 1482 1153 accidentis:

171 1181 207 1208 et
239 1185 329 1208 cum
364 1172 462 1208 illud
494 1172 543 1209 sit
575 1173 727 1222 aliquid
772 1173 853 1209 suis
898 1173 1171 1210 accidentibus
1204 1173 1481 1218 informatum,

170 1239 326 1278 oportet
374 1232 591 1267 concedere
637 1231 767 1279 ipsum
803 1243 884 1267 esse
918 1240 1215 1268 sacramentum
1249 1231 1399 1276 altaris,
1446 1239 1483 1266 et

169 1301 249 1324 non
282 1288 516 1325 fasciculum
550 1289 687 1325 nichili
722 1289 1020 1337 supradictum;
1067 1289 1204 1325 omnia
1237 1288 1341 1324 enim
1377 1288 1482 1325 dicta

170 1346 400 1383 accidencia
444 1347 692 1383 reducuntur
736 1349 786 1383 ad
831 1347 962 1395 ipsum
1007 1357 1202 1395 tanquam
1235 1348 1284 1383 ad
1319 1346 1481 1394 aliquod

169 1417 293 1440 unum
327 1417 447 1453 agens
481 1404 673 1453 quicquid
706 1404 870 1441 fecerint
903 1404 970 1441 illa
1003 1404 1244 1441 accidencia.

227 1463 341 1498 Unde
374 1462 591 1499 adversarii
624 1464 849 1499 concedunt
882 1464 989 1510 quod
1023 1463 1159 1499 onmia
1192 1462 1345 1510 reliqua
1380 1461 1482 1498 aeci-

169 1520 309 1556 dencia
353 1520 627 1557 subiectantur
671 1520 710 1556 in
755 1520 978 1568 quantitate
1023 1533 1112 1569 que,
1159 1520 1374 1556 informata
1419 1532 1482 1555 ac-

120 1622 127 1625 .
169 1578 202 1613 ci
232 1578 235 1627 Ι
265 1578 465 1624 dentibus,
499 1578 548 1614 sit
580 1587 897 1622 sacramentum3
930 1586 974 1614 ut
1006 1587 1113 1626 patet
1144 1590 1215 1626 per
1247 1577 1481 1614 famosiores

168 1637 365 1683 doctores,
410 1638 624 1681 Thomam,
670 1636 869 1684 Egidium,
924 1637 1101 1682 Scotum,
1148 1645 1185 1672 et
1228 1635 1346 1672 alios:
1393 1637 1481 1671 Non

169 1693 272 1729 enim
312 1703 442 1742 potest
481 1694 682 1742 quantitas
720 1694 966 1741 impertinens
1000 1706 1082 1730 esse
1115 1693 1346 1729 fundacioni
1387 1706 1482 1741 qua-

136 1751 301 1797 Tlitatis,
336 1752 436 1788 sicut
468 1764 540 1788 nec
574 1751 681 1799 prius
715 1752 800 1797 fuit,
834 1764 937 1800 pane
970 1760 1168 1788 manente.
1216 1751 1326 1787 Sicut
1360 1750 1482 1798 igitur

168 1809 308 1846 fundat
339 1810 587 1858 qualitatem,
633 1809 688 1845 sic
721 1809 928 1855 subiectat,
975 1810 1005 1845 si
1049 1822 1131 1846 non
1176 1809 1224 1845 sit
1257 1809 1480 1845 subiectum

167 1869 217 1903 ad
250 1867 477 1904 subiectans
509 1867 732 1915 utrimque3
767 1876 804 1903 et
836 1880 906 1915 per
940 1880 1199 1916 consequens,
1232 1866 1334 1902 sicut
1357 1879 1482 1915 quan-

166 1924 259 1961 titas
303 1925 539 1962 informatur
584 1925 724 1973 figura,
778 1925 833 1961 sic
867 1938 1106 1974 quocunque
1152 1924 1359 1961 accidente
1404 1925 1481 1960 alio

168 1985 275 2031 quod
308 1983 522 2028 subiectatss,
568 1985 676 2031 quod
721 1995 811 2018 cum
845 1983 894 2019 sit
931 1983 1189 2031 impossibile,
1224 1991 1266 2018 ut
1298 1991 1406 2030 patet
1439 1994 1481 2018 ex

168 2040 295 2085 dictis,
329 2050 437 2089 patet
469 2042 576 2089 quod
609 2040 745 2088 opinio
778 2040 876 2076 illud
909 2041 1085 2088 gignens.
1120 2043 1221 2077 Nam
1255 2053 1481 2076 sacramen-

166 2107 251 2134 tum
277 2099 410 2135 calicis
443 2108 575 2147 potest
608 2098 793 2146 guttatim
829 2098 964 2145 dividi,
997 2108 1039 2135 ut
1071 2107 1180 2146 patet
1213 2099 1262 2134 ad
1295 2098 1480 2143 oculum;

166 2155 287 2204 igitur
318 2169 389 2205 per
420 2156 527 2193 idem
560 2165 689 2204 potest
721 2156 870 2192 reuniri
904 2165 940 2193 et
964 2156 1203 2201 continuari,
1238 2165 1274 2192 et
1296 2149 1366 2204 per
1389 2168 1481 2191 con-

166 2226 334 2262 sequens
358 2215 600 2251 constituere
623 2227 746 2250 unum
771 2214 1005 2250 continuum
1030 2214 1325 2258 descensivum,
1358 2213 1480 2249 nichil

167 2272 272 2309 enim
305 2285 375 2321 per
407 2285 447 2309 se
480 2271 684 2309 descendit
716 2271 793 2307 nisi
827 2272 1012 2320 gravitas,
1056 2272 1117 2307 rel
1162 2273 1311 2308 habens
1356 2271 1395 2306 in
1440 2284 1480 2306 se

168 2330 423 2377 gravitatem3
456 2330 529 2366 iste
562 2339 693 2366 autem
730 2330 940 2366 fasciculus
972 2343 1053 2366 non
1098 2330 1216 2365 habet
1248 2329 1287 2364 in
1320 2341 1360 2364 se
1393 2341 1479 2376 gra-

167 2387 341 2434 vitatem,
377 2388 470 2436 quia
502 2389 611 2424 nulla
643 2400 734 2435 pars
768 2388 869 2427 eius:
916 2387 1087 2435 gravitas
1121 2387 1225 2423 enim
1261 2395 1316 2422 est
1350 2386 1479 2422 aliena

168 2458 190 2481 a
222 2445 444 2494 quantitate
477 2455 513 2482 et
545 2458 783 2494 quacunque
816 2445 893 2482 alia
925 2445 1129 2493 qualitate.

226 2506 336 2549 Item,
377 2516 420 2540 ex
453 2503 569 2539 dictis
602 2503 782 2550 sequitur
815 2504 921 2551 quod
960 2503 1112 2539 dictum
1142 2502 1146 2552 Ι
1176 2511 1472 2538 sacramentum

145 2574 248 2597 ·n0n
281 2562 330 2597 sit
361 2561 515 2597 visibile
559 2574 631 2597 nec
676 2560 864 2606 activum,
912 2562 1019 2609 quod
1065 2569 1123 2596 est
1169 2560 1377 2596 manifeste
1420 2559 1477 2595 in-

168 2619 370 2667 opinabile
404 2628 440 2655 et
474 2619 715 2664 hereticurn;
750 2618 1086 2666 consequenciam
1123 2619 1326 2654 deducunt
1360 2617 1476 2664 logici

167 2689 236 2724 per
269 2678 344 2713 hoc
377 2678 497 2725 quod,
538 2677 569 2713 si
603 2678 678 2713 hoc
718 2685 1016 2712 sacramentum
1049 2675 1098 2712 sit
1130 2675 1298 2721 visibile,
1338 2684 1375 2711 et
1407 2688 1477 2723 per

168 2747 415 2782 consequens
448 2747 509 2771 res
531 2734 710 2781 visibilis,
746 2742 782 2770 et
814 2734 870 2770 sic
904 2733 1055 2781 aliquid
1089 2742 1146 2769 est
1180 2733 1311 2781 ipsum
1345 2745 1477 2769 sacra-

237 2854 257 2873 1.
278 2846 308 2873 iu
330 2845 365 2873 C.
455 2846 483 2873 6.
503 2846 533 2873 iu
555 2846 640 2873 deest
659 2845 747 2873 BCD.
846 2854 886 2879 14.
908 2845 1117 2872 accidencium
1139 2844 1172 2871 B.
1263 2843 1308 2871 28.
1330 2844 1478 2878 figuratur

167 2889 269 2908 omnes
282 2880 372 2908 MSS.
429 2879 470 2912 33.
487 2879 532 2908 313.
553 2881 610 2908 istc
625 2896 658 2900 ——
672 2881 851 2914 gravitatem
875 2880 958 2907 dees!
977 2879 1040 2907 CI),
1096 2878 1142 2915 39.
1166 2883 1196 2906 ut
1212 2886 1273 2914 pro
1288 2879 1370 2914 quod
1387 2878 1476 2906 Bet).

1302 2938 1333 2958 II

1702 249 1769 283 161

1542 427 1571 454 A
1591 427 1649 461 god
1672 435 1736 454 was

1531 462 1619 488 made
1640 467 1693 488 ont
1715 465 1743 489 01

1548 496 1678 531 nothing
1699 496 1726 523 in

1587 531 1686 566 Pagan

1518 565 1712 599 apotheosis:
1734 566 1759 593 is

1512 599 1572 626 this
1593 608 1608 626 a
1629 608 1708 636 copy
1729 601 1763 627 of

1589 635 1669 661 them
1683 643 1692 661 .¹

1507 830 1598 866 Many
1620 831 1774 859 accidents

1540 865 1570 892 in
1592 867 1642 893 thc
1662 866 1741 893 Host

1561 901 1683 936 require
1702 909 1717 928 a

1518 934 1635 969 subject
1655 943 1689 962 so
1711 935 1761 962 the

1505 969 1669 996 Eucharist
1690 975 1773 997 must

1527 1005 1562 1031 be
1582 1012 1598 1031 a
1619 1004 1747 1032 distinct

1512 1039 1687 1070 substance,
1709 1044 1762 1066 not

1541 1082 1557 1100 a
1579 1074 1691 1100 bundle
1711 1075 1745 1101 οἵ

1529 1109 1743 1142 notliiuguess.

1505 1466 1571 1493 Our
1591 1471 1765 1500 opponents

1515 1505 1603 1535 grant
1623 1502 1688 1528 that
1707 1502 1756 1528 the

1503 1535 1591 1562 other
1611 1535 1767 1562 accidents

1522 1570 1598 1596 have
1618 1570 1757 1606 quantity

1565 1604 1614 1631 for
1634 1605 1712 1631 their

1574 1639 1700 1672 subject.

1499 1674 1660 1710 Quantity,
1684 1675 1764 1701 basis

1542 1709 1577 1736 of
1593 1710 1719 1745 quality.

1527 1744 1680 1771 informed
1705 1745 1743 1779 by

1543 1779 1648 1813 figure,
1671 1778 1726 1805 Rc.

1504 1813 1605 1840 would
1629 1814 1713 1840 itsen'
1732 1814 1765 1839 bc

1533 1849 1583 1875 the
1604 1848 1733 1882 subject,

1517 1891 1596 1910 were
1615 1883 1700 1909 there
1722 1890 1760 1909 no

1585 1917 1683 1944 other.

1541 1986 1619 2015 This
1638 1986 1728 2021 being

1504 2022 1694 2057 impossible,
1716 2022 1765 2048 the

1549 2056 1676 2092 opinion
1699 2056 1724 2082 is

1592 2091 1677 2118 false.

1534 2218 1657 2253 Weight
1678 2218 1732 2245 has

1514 2254 1642 2288 nothing
1662 2257 1692 2280 to
1713 2253 1752 2279 do

1521 2288 1593 2315 with
1614 2288 1753 2323 quantity

1549 2323 1607 2349 and
1629 2322 1717 2349 other

1513 2358 1684 2390 accidents,
1706 2357 1758 2383 but

1507 2393 1556 2420 the
1577 2393 1757 2419 Sacrament

1536 2427 1590 2454 has
1611 2426 1733 2461 wcight.

1503 2509 1568 2536 Con
1576 2515 1758 2542 sequences:

1506 2545 1555 2570 the
1576 2543 1757 2571 Sam-ament

1502 2579 1527 2604 is
1548 2579 1577 2610 α)
1600 2577 1758 2609 invisib10;

1530 2612 1557 2646 b)
1580 2612 1721 2638 inactive.

1498 2648 1528 2681 a)
1550 2649 1584 2674 1²³t
1603 2646 1631 2673 if
1648 2646 1767 2679 visiblc,

1499 2690 1513 2708 a
1535 2681 1643 2708 visible
1663 2681 1768 2715 thing,-

1522 2716 1546 2743 if
1563 2724 1578 2742 a
1599 2715 1695 2750 thing,
1718 2725 1732 2741 a

1546 2751 1718 2777 substance.
