2099 3347
314 242 385 277 162

339 477 388 504 2⁰⁴1
407 477 449 504 At
469 476 545 503 least

306 512 406 548 partly
425 510 578 545 invisible,

366 546 415 573 for
434 553 528 581 many

334 581 475 616 qualities
495 588 545 607 are

315 621 367 643 not
387 620 417 643 to
440 616 474 642 be
495 623 576 642 seen.

357 869 484 897 Neither
504 869 530 896 is

346 913 419 932 even
441 912 457 931 a
478 907 546 938 part

382 939 508 972 visible;

311 974 461 1009 ‘nothing'
481 973 507 1000 is
528 977 580 999 not

341 1009 430 1036 made
451 1016 492 1043 up
513 1007 548 1034 of

396 1047 492 1078 parts.

326 1114 376 1140 An
397 1115 558 1147 aggregate

316 1148 350 1175 of
367 1146 572 1174 abstractions

307 1186 421 1210 cannot
441 1182 476 1209 be
494 1188 581 1215 seen;

383 1217 437 1244 but
456 1216 507 1243 the
526 1249 531 1254 ι

324 1252 505 1280 Sacrament
525 1258 562 1284 ls,

336 1286 503 1320 according
522 1289 553 1311 to

319 1322 414 1355 them,
436 1320 511 1347 such
532 1327 569 1346 an

359 1359 530 1391 aggregate.

309 1852 378 1880 The
392 1852 583 1886 sacrament,

309 1896 343 1914 as
356 1895 393 1914 an
410 1891 582 1922 aggregate,

310 1923 365 1949 has
377 1930 417 1949 no
428 1921 584 1949 collective

322 1957 487 1990 existence,
508 1956 567 1983 like

372 1991 437 2018 that
457 1991 491 2018 ot'
508 1998 524 2017 a

329 2026 454 2087 peofile3
475 2025 524 2053 for
543 2025 566 2052 it

412 2069 445 2087 as
465 2068 504 2087 no

346 2094 548 2134 quantitative

400 2134 496 2166 unity.

391 2498 416 2532 b)
439 2497 505 2526 The

339 2533 520 2572 Sacrament
540 2532 565 2559 is

321 2573 375 2595 not
396 2572 503 2602 active,
524 2575 582 2603 any

1014 247 1237 279 JOHANNIS
1263 246 1448 278 WYCLIF
1730 244 1819 272 CAP.
1839 244 1905 272 XII.

596 362 789 389 mentum.
835 353 913 389 Sed
946 352 1110 388 dimissa
1149 352 1224 389 ista
1264 351 1526 388 contencione
1564 351 1706 399 logica,
1750 352 1906 389 videtur

595 412 702 459 quod
747 411 824 447 hoc
869 418 1167 446 sacramentum
1206 423 1287 446 non
1325 409 1374 445 sit
1412 409 1580 456 visibile,
1620 410 1714 458 quia
1745 422 1818 446 nec
1849 422 1908 446 se—

595 470 770 504 cundum
804 476 934 504 totum
958 480 1031 504 nec
1055 469 1274 505 secundum
1298 476 1475 516 partem:
1509 480 1603 514 non,
1636 467 1815 516 inquam,
1849 480 1907 504 se-

597 527 771 563 cundum
806 534 951 572 totum,
987 525 1080 574 quia
1104 526 1229 562 multe
1252 534 1344 562 sunt
1367 525 1579 573 qualitates
1604 534 1641 561 et
1663 525 1908 573 quantitates

595 584 767 621 aliorum
808 596 996 620 sensuum
1037 596 1113 631 que
1152 596 1234 620 non
1272 592 1363 620 sunt
1395 582 1572 619 visibiles
1612 592 1655 619 ut
1687 583 1755 630 sic,
1790 583 1942 619 ocu'lo5

596 640 812 690 corporali,
854 643 900 677 de
935 654 1013 689 qua
1044 641 1196 678 visione
1239 641 1371 689 primo
1404 640 1597 689 loquitur.
1642 643 1770 678 Nemo
1802 641 1909 677 videt

595 699 862 748 quantitatem
908 711 984 747 que
1027 699 1101 735 fuit
1140 699 1307 735 materie
1350 698 1500 746 prime,
1545 698 1601 734 sic
1639 711 1758 735 nemo
1802 699 1909 735 videt

594 757 845 805 gravitatem,
871 756 1079 803 duriciem,
1104 769 1289 804 saporem
1314 765 1352 792 et
1375 756 1523 793 similes
1542 756 1774 805 qualitates,
1799 766 1835 792 et
1854 756 1909 792 sic

594 828 675 852 non
697 814 804 851 videt
827 814 957 862 ipsum
992 823 1291 851 sacramentum
1315 816 1537 850 secundum
1561 826 1601 850 se
1624 822 1774 860 totum3
1803 812 1808 866 Ι
1836 826 1909 850 nec
1924 818 1950 849 B
1969 816 2029 861 nob

595 874 716 909 homo
749 872 879 920 ipsum
913 872 1019 909 videt
1051 874 1270 909 secundum
1304 872 1364 908 sui
1397 881 1566 920 partem,
1601 871 1694 920 quia
1726 884 1769 908 ex
1801 872 1968 908 nulla1o

594 928 709 978 parte
749 929 885 978 aliquo
925 931 1046 966 modo
1086 929 1356 978 componitur,
1403 942 1492 965 cum
1531 929 1654 966 nichil
1686 929 1748 966 sit.
1793 932 1841 965 Et
1879 929 1910 965 si

595 990 811 1037 loquamur
844 997 1002 1024 extense
1036 989 1084 1024 de
1116 996 1242 1036 parte,
1277 1000 1347 1035 per
1370 987 1475 1023 idem
1499 988 1745 1035 loquendum
1771 996 1827 1023 est
1850 999 1911 1023 ex-

596 1055 706 1082 tense
730 1046 777 1081 de
799 1054 885 1082 toto
910 1058 1093 1094 corpore,
1128 1054 1164 1082 et
1188 1045 1379 1082 continuo
1403 1046 1511 1093 quod
1533 1045 1661 1093 ipsum
1687 1045 1736 1081 sit
1759 1044 1911 1093 aliquid

596 1103 818 1140 terminans
863 1103 990 1140 basim
1028 1103 1250 1152 pyramidis
1287 1102 1463 1139 visualis.
1508 1105 1557 1139 Et
1589 1104 1661 1139 hec
1705 1103 1910 1139 conclusio

597 1161 824 1198 evidencius
857 1161 1049 1210 sequitur,
1083 1161 1115 1197 si
1148 1170 1445 1197 sacramentum
1476 1160 1525 1196 sit
1549 1160 1758 1209 agregacio
1781 1160 1821 1196 in
1844 1162 1910 1196 ab·
1930 1163 1967 1195 15

597 1228 761 1265 stracto,
809 1219 902 1267 quia
946 1220 1079 1255 nullus
1125 1228 1328 1267 respectus
1368 1218 1537 1264 videtur,
1584 1218 1695 1255 cuius
1735 1227 1909 1254 extrema

597 1277 721 1314 videri
756 1290 836 1313 non
869 1287 1055 1325 possunt;
1089 1286 1132 1313 ut
1164 1289 1284 1313 nemo
1316 1276 1506 1313 unionem
1541 1276 1673 1313 anime
1707 1289 1796 1313 curn
1824 1289 1910 1312 cor-

598 1347 709 1383 pore,
753 1347 827 1371 nec
859 1335 966 1371 videt
1011 1334 1396 1382 multiplicacionem
1444 1334 1687 1382 aliquorum,
1736 1347 1908 1382 quorum

599 1393 726 1429 multa
756 1405 838 1429 non
871 1402 961 1429 sunt
993 1392 1176 1429 visibilia.
1212 1392 1460 1440 Specialiter,
1495 1392 1527 1428 si
1549 1405 1629 1428 non
1663 1392 1910 1428 constituunt

597 1464 722 1486 unum
748 1450 912 1499 aliquod
935 1452 984 1487 ab
1009 1450 1063 1487 eis
1088 1450 1344 1496 distinctum3
1378 1459 1421 1486 ut
1452 1462 1571 1486 nemo
1605 1450 1730 1496 audit,
1764 1458 1910 1498 gustat,
1927 1461 1969 1482 20

597 1508 733 1545 olfacit
750 1509 811 1544 vel
833 1508 960 1556 tangit
980 1508 1365 1556 multiplicaeionem
1384 1507 1655 1544 insensibilem
1677 1508 1909 1555 angelorum

598 1575 635 1603 et
667 1567 859 1614 ydearum
900 1566 941 1602 in
979 1567 1067 1612 deo,
1114 1579 1205 1603 cum
1253 1565 1596 1613 multiplicacione
1641 1565 1909 1602 sensibilium:

598 1624 692 1672 quia
737 1623 793 1660 sic
838 1624 1025 1660 sensibile
1071 1624 1173 1660 foret
1212 1623 1454 1670 insensibile,
1499 1623 1653 1660 visibile
1699 1623 1910 1669 invisibile,

599 1695 688 1718 cum
723 1683 944 1718 secundum
978 1682 1196 1730 plurimam
1228 1678 1230 1733 1
1259 1690 1415 1729 partem
1449 1680 1510 1717 sui
1542 1694 1624 1718 non
1656 1681 1758 1718 foret
1789 1680 2032 1726 sensi-Arm

598 1739 689 1776 bile.
736 1742 816 1776 Nee
850 1740 952 1776 foret
985 1748 1284 1776 sacramentum
1331 1738 1481 1787 aliquid
1528 1752 1667 1785 unum,
1713 1738 1816 1775 sicut
1855 1740 1967 1775 est25

599 1796 793 1834 exercitus
832 1798 893 1833 vel
933 1798 1115 1834 cumulus
1156 1797 1224 1846 qui
1262 1798 1411 1833 nedum
1452 1806 1510 1833 est
1548 1809 1628 1833 una
1667 1797 1911 1842 substancia,

599 1856 668 1891 sed
703 1868 826 1890 unum
862 1867 1006 1903 corpus
1038 1856 1099 1891 vel
1132 1867 1212 1891 una
1244 1867 1430 1902 persona.
1465 1856 1557 1891 Ideo
1591 1855 1702 1891 locus
1736 1867 1758 1891 a
1790 1854 1912 1890 simili

599 1925 681 1949 non
715 1912 932 1958 concludit,
973 1914 1081 1961 quod
1120 1912 1169 1949 sit
1209 1912 1362 1949 visibile
1395 1912 1568 1948 activum
1601 1913 1662 1949 vel
1694 1912 1912 1960 passivum,

600 1979 642 2006 ut
666 1971 860 2018 populus,
895 1970 988 2018 quia
1012 1983 1082 2019 per
1105 1970 1209 2007 idem
1244 1970 1346 2006 foret
1378 1978 1675 2006 sacramentum
1709 1970 1912 2006 infinitum

600 2029 779 2076 longum,
814 2027 1016 2064 infinitum
1050 2029 1175 2065 latum
1210 2036 1247 2064 et
1279 2027 1480 2064 infinitum
1513 2041 1715 2076 magnum,
1752 2041 1797 2064 ac
1822 2040 1914 2064 con-
1930 2032 1972 2065 30

600 2086 722 2122 trarie
766 2085 1057 2136 qualificatum,
1101 2095 1144 2122 ut
1184 2095 1241 2122 est
1281 2087 1328 2122 de
1367 2085 1447 2122 suis
1488 2085 1679 2134 partibus.
1725 2088 1774 2122 Et
1805 2094 1915 2133 patet

602 2145 807 2192 quomodo
827 2145 914 2191 Gog
938 2143 1144 2180 concludit
1166 2143 1274 2179 scole
1307 2155 1389 2189 sue,
1424 2156 1515 2179 cum
1549 2156 1652 2180 unus
1685 2143 1782 2179 dicit
1805 2144 1914 2192 quod

599 2201 707 2238 videt
751 2200 792 2237 in
835 2210 1089 2238 sacramento
1136 2214 1282 2253 corpus
1327 2201 1475 2237 Christi
1523 2202 1640 2238 oculo
1688 2201 1912 2250 corporali3

601 2259 702 2295 alius
735 2268 869 2296 autem
903 2259 1013 2306 dicit,
1054 2260 1163 2308 quod
1201 2271 1320 2295 nemo
1359 2267 1492 2307 potest
1523 2258 1579 2295 sic
1610 2259 1744 2296 videre
1782 2259 1914 2307 ipsum

602 2326 914 2363 sacramentum,
950 2330 1040 2353 curn
1074 2317 1173 2353 illud
1206 2318 1314 2365 quod
1345 2317 1527 2353 videmus
1561 2316 1611 2353 sit
1641 2317 1751 2353 color
1775 2325 1812 2353 et
1834 2329 1915 2353 non
1931 2320 1970 2352 35

603 2374 733 2423 ipsum
768 2384 1088 2421 sacramentum,
1123 2383 1160 2411 et
1193 2374 1249 2411 sic
1281 2375 1383 2411 foret
1416 2383 1713 2411 sacramentum
1747 2374 1913 2411 omnino

604 2432 833 2469 insensibile
862 2429 866 2484 Ι
895 2432 998 2469 sicut
1031 2441 1089 2469 est
1120 2432 1236 2469 nobis
1267 2432 1533 2481 incognitum.
1930 2437 1955 2468 Β
1974 2439 2031 2479 99⁰

662 2492 710 2526 Et
750 2490 1009 2527 conformiter
1053 2490 1263 2527 deducitur
1302 2491 1410 2538 quod
1442 2503 1523 2527 non
1562 2490 1611 2526 sit
1644 2489 1817 2526 activum
1857 2491 1915 2527 vel
1930 2495 1972 2534 Q.

605 2547 825 2596 passivum:
859 2557 901 2584 ut
935 2547 1150 2585 multitudo
1174 2561 1218 2585 ex
1241 2549 1315 2584 deo
1339 2557 1376 2585 et
1408 2548 1495 2584 aliis
1524 2561 1604 2584 non
1638 2556 1695 2584 est
1728 2548 1914 2588 creativa,

673 2705 696 2733 5.
719 2704 780 2733 sint
802 2705 890 2733 BCD.
999 2704 1027 2733 6.
1049 2706 1149 2741 prime
1168 2705 1266 2739 ABC;
1288 2705 1325 2733 ib.
1347 2705 1424 2733 vidit
1443 2705 1480 2733 D.
1583 2713 1624 2733 10.
1645 2705 1727 2733 videt
1747 2704 1833 2732 deest
1851 2705 1914 2731 (ΣΙ).

605 2738 642 2766 13.
663 2740 701 2767 de
715 2748 846 2775 corpore
867 2740 901 2767 C.
974 2738 1017 2767 23.
1039 2740 1159 2768 visibile
1179 2745 1208 2768 et
1226 2740 1292 2768 AB.
1365 2741 1411 2768 26.
1433 2740 1571 2767 tumulus
1591 2739 1683 2767 ΑΒΕ.
1757 2738 1804 2774 34.
1826 2747 1915 2767 nemo

604 2774 689 2802 deest
706 2774 744 2802 D.
818 2773 864 2809 39.
887 2775 1000 2802 croatia
1020 2774 1084 2802 AB.

677 2858 730 2901 39.
757 2858 942 2889 Multitudo
969 2868 1008 2890 ex
1035 2858 1110 2890 Deo
1137 2865 1170 2890 et
1197 2860 1290 2891 aliis:
1316 2860 1425 2901 suppl.
1454 2859 1660 2901 composita.
