2099 3347
272 225 346 269 146

319 863 435 891 Details
456 862 490 889 os

271 899 456 925 absurdities
476 898 539 924 that

309 934 369 961 this
391 933 493 959 would

308 968 493 1003 necessarily

347 1003 456 1038 imply.

289 1332 390 1359 These
412 1337 513 1357 errors

307 1374 393 1393 tome
414 1368 492 1392 trom

308 1401 411 1435 pride:
434 1407 502 1426 men

362 1435 438 1461 exalt

303 1470 498 1502 themselves,

292 1505 433 1538 thinking
453 1504 516 1530 that

312 1540 379 1566 God
402 1538 491 1565 could

272 1582 429 1610 empower
449 1574 531 1600 them

301 1616 332 1637 10
352 1609 468 1647 change
490 1615 503 1633 a

333 1644 420 1671 Saint
440 1650 469 1669 ln

284 1680 406 1707 Heaven
429 1678 492 1705 into
514 1684 527 1703 a

355 1719 452 1740 stone.

267 1750 328 1777 For
349 1748 374 1775 if
391 1747 436 1774 He
457 1754 531 1781 gave

266 1785 349 1811 them
373 1789 478 1818 power
498 1786 528 1807 to

360 1818 448 1844 make

295 1850 514 1879 ‘blessedness'

266 1888 379 1915 inform
403 1894 417 1913 a
440 1890 536 1913 stone.

283 1923 352 1958 they
373 1921 462 1948 could
484 1920 524 1947 do

315 1958 347 1991 it,
369 1964 404 1983 or
425 1955 493 1982 God

286 1991 387 2018 would
409 1994 461 2017 not
483 1990 517 2015 be

317 2024 497 2060 Almighty!

294 2315 471 2349 According
492 2319 522 2341 to

283 2351 377 2379 them.
400 2349 535 2376 material

272 2385 412 2421 quahties
433 2392 487 2411 can
512 2384 545 2410 be

282 2419 452 2454 multiplied
476 2418 533 2445 and

309 2454 456 2480 extended
480 2458 510 2479 to

277 2489 364 2516 other
386 2487 535 2521 subjects:

330 2523 400 2558 why
422 2523 491 2549 then

317 2558 426 2584 should
449 2562 501 2584 not

314 2593 430 2620 virtues
450 2592 508 2619 and

316 2628 510 2655 blessedness

286 2663 362 2689 have
383 2663 431 2689 the
453 2670 537 2689 same

317 2697 511 2732 properues?

998 232 1222 263 ,IOHANNIS
1247 231 1432 263 WYCLIF
1698 229 1787 256 CAP·
1811 228 1861 256 XI-

552 337 625 373 iste
659 339 833 373 mundus
866 346 903 373 et
926 338 1172 376 econtrario:
1208 346 1244 374 et
1273 350 1342 386 per
1366 337 1469 373 idem
1494 337 1623 373 omnis
1648 336 1863 373 materialis

553 395 781 431 substancia
814 405 946 443 posset
979 408 1062 432 esse
1096 395 1284 443 quelibet,
1319 395 1412 443 quia
1447 396 1495 430 da
1528 396 1636 442 quod
1659 394 1760 442 lapis
1784 407 1863 430 non

554 462 685 501 potest
719 465 802 489 esse
836 453 1003 501 lignum.
1054 454 1216 499 Contra,
1263 452 1627 489 transubstanciato
1659 452 1791 500 lapide
1823 452 1864 488 in

553 510 704 557 lignum
739 520 806 547 aut
839 510 1016 559 qualibet
1048 510 1117 547 tali
1150 510 1379 547 substancia
1413 510 1451 546 in
1484 510 1717 558 quamlibet,
1758 518 1865 546 tran-

553 569 871 605 substanciatum
907 581 986 604 non
1020 578 1184 616 propter
1219 570 1293 605 hoc
1319 568 1550 613 destruitur,
1585 569 1652 604 sed
1675 576 1718 604 ut
1741 567 1898 604 saneti}

553 628 739 663 locuntur
774 626 815 662 fit
849 635 885 662 et
918 636 974 662 est
1008 626 1236 662 substancia
1269 626 1307 662 in
1342 639 1462 674 quam
1498 626 1540 661 fit
1571 627 1865 666 transsubstan-

555 684 692 721 ciacio.
739 687 827 720 Non
856 683 860 733 Ι
891 684 994 719 enim
1031 692 1087 720 est
1120 684 1254 732 aliqua
1289 697 1380 732 pars
1414 684 1508 730 eius,
1556 693 1592 719 et
1625 683 1655 719 si
1689 689 1906 720 corium-B
1927 692 1985 731 94³

553 743 660 790 pitur
692 743 739 778 ad
776 742 1082 789 corrupcionem
1117 754 1185 778 sue
1218 742 1396 786 materie,
1442 753 1511 789 per
1554 741 1659 777 idem
1695 742 1866 777 mundus

555 809 880 848 corrumperetur
932 801 980 835 ad
1034 799 1533 836 transsubstanciacionem
1594 799 1867 847 cuiuscunque

555 858 682 894 hostie
716 866 959 894 consecrate.
1005 859 1052 893 Et
1084 857 1139 893 sic
1172 857 1202 893 si
1237 857 1399 902 desinit;
1445 857 1538 905 quia
1583 857 1696 893 aliter
1734 865 1866 905 posset
1887 873 1925 893 10

555 916 729 964 quelibet
763 928 856 963 pars
890 915 1298 962 corporisdesinere,
1344 915 1430 963 ipso
1475 924 1706 951 remanente
1739 916 1866 955 salx-0:

554 983 610 1019 ut,
664 973 793 1021 posito
845 974 953 1021 quod
1007 974 1134 1009 celum
1189 982 1314 1009 totum
1368 972 1776 1009 transsubstancietur
1828 972 1866 1008 in

555 1033 738 1080 spheram
777 1031 1096 1079 corruptibilium
1143 1040 1179 1067 et
1218 1030 1304 1079 ipsa
1337 1031 1376 1066 in
1410 1032 1595 1079 spheram
1630 1040 1745 1075 terre,
1792 1042 1868 1078 que

555 1090 679 1126 eciam
715 1089 1124 1126 transsubstancietur
1156 1089 1195 1124 in
1229 1098 1429 1127 centrum:
1464 1097 1501 1124 et
1534 1088 1602 1125 fiat
1635 1088 1868 1136 proporcio-

556 1147 742 1184 nabiliter
773 1146 1179 1183 transaccidcntacio:
1214 1149 1261 1182 Et
1284 1146 1440 1183 videtur
1464 1148 1570 1194 quod
1595 1159 1719 1182 unum
1744 1158 1867 1194 punc-
1888 1151 1923 1182 15

555 1207 631 1242 tale
672 1213 864 1251 remanet,
910 1214 990 1241 tam
1031 1204 1354 1240 substancialiter
1393 1217 1511 1252 quam
1554 1204 1866 1249 accidentaliter,

555 1264 656 1300 sicut
690 1263 760 1299 fuit
793 1262 831 1298 in
866 1262 1076 1310 principio,
1112 1275 1280 1310 magnus
1309 1259 1312 1314 Ι
1344 1263 1530 1298 mundus.
1883 1268 1909 1298 Α
1930 1264 1989 1298 86¹²

612 1324 654 1357 ln
687 1321 784 1357 tales
818 1333 972 1356 errores
1006 1320 1257 1368 philosophie
1291 1320 1472 1356 incidunt
1519 1319 1681 1356 heretici
1729 1328 1868 1356 contra
1884 1325 1919 1356 Ρ.

554 1379 770 1425 Christum,
806 1378 899 1426 quia
933 1379 1126 1414 extollunt
1158 1390 1197 1414 se
1230 1387 1272 1414 ut
1306 1378 1455 1414 dictum
1487 1378 1605 1414 estin
1630 1377 1798 1414 materia
1821 1378 1868 1413 de

556 1436 897 1485 multiplicacione
931 1449 1050 1484 supra
1075 1438 1207 1472 deum.
1242 1435 1415 1484 Fingunt
1441 1435 1543 1472 enim
1570 1437 1678 1484 quod
1702 1443 1868 1484 possunt
1885 1450 1927 1471 ρο

556 1496 683 1531 facere
716 1494 868 1542 lapides
902 1503 938 1529 et
971 1503 1331 1542 quantumcunque
1376 1493 1551 1530 abiectas
1596 1493 1866 1533 substanciam:

554 1565 690 1601 ymmo
723 1552 852 1601 ipsum
888 1552 1087 1598 accidens,
1123 1553 1419 1599 corrumpendo
1452 1564 1733 1600 quemcunque
1757 1563 1868 1587 sanc-

554 1621 636 1647 tum
673 1610 709 1646 in
746 1611 847 1646 celo:
893 1619 948 1655 ut,
995 1610 1123 1657 posito
1156 1611 1261 1658 quod
1297 1611 1392 1645 deus
1426 1611 1619 1646 concedat
1650 1609 1726 1645 illis
1759 1618 1868 1657 pote-

555 1678 695 1705 statem
733 1667 903 1705 faciendi
939 1667 1222 1704 beatitudinem
1259 1676 1295 1703 et
1325 1667 1401 1703 alia
1425 1666 1656 1703 accidencia
1680 1667 1717 1703 in
1743 1666 1869 1703 beatis

555 1726 771 1775 spiritibus,
805 1725 1022 1761 informare
1046 1724 1197 1773 lapides
1222 1734 1290 1761 aut
1313 1734 1672 1773 quantumcunque
1695 1724 1869 1761 abiectas
1886 1728 1924 1760 25

556 1784 818 1829 substancias,
841 1784 901 1819 vel
925 1795 1021 1829 esse,
1047 1785 1249 1819 destructa
1272 1795 1511 1831 quacunque
1535 1791 1717 1819 creatura
1740 1783 1868 1819 beata.

558 1844 672 1887 Nam,
721 1851 762 1877 ut
808 1841 1008 1889 inquiunt,
1054 1840 1130 1876 nisi
1176 1843 1272 1877 deus
1318 1850 1452 1888 posset
1498 1842 1592 1877 dare
1638 1841 1714 1876 illis
1747 1841 1866 1876 talem

558 1908 814 1948 potestatem,
862 1901 958 1935 deus
1004 1911 1083 1935 non
1130 1908 1232 1934 esset
1276 1898 1548 1946 omnipotens.
1595 1898 1705 1935 Sicut
1750 1898 1869 1945 igitur

558 1959 653 1993 deus
700 1959 766 1994 dat
811 1965 1050 2004 potestatem
1098 1958 1332 2005 presbytero
1365 1965 1420 2002 ut,
1466 1956 1610 1993 virtute
1654 1957 1867 1993 verborum

558 2028 738 2062 suorum,
773 2015 893 2051 faciat
926 2027 1088 2050 omnem
1124 2023 1278 2061 partem
1305 2014 1418 2062 panis
1443 2015 1638 2060 desinere,
1674 2023 1710 2050 et
1733 2014 1869 2050 omnia
1887 2018 1928 2050 30

559 2073 792 2110 accidencia
826 2085 902 2121 que
935 2072 1044 2120 prius
1079 2072 1238 2108 fuerunt
1271 2072 1311 2108 in
1343 2084 1447 2120 pane
1479 2072 1564 2108 sine
1597 2072 1777 2108 subiecto
1811 2085 1870 2108 re-

561 2144 736 2177 manere,
782 2131 837 2167 sic
870 2139 1002 2178 potest
1035 2131 1223 2166 sacerdos
1258 2131 1405 2166 habere
1450 2143 1472 2166 a
1518 2131 1593 2166 deo
1626 2129 1869 2178 potenciam,

561 2198 602 2225 ut
634 2189 781 2225 virtute
812 2190 1028 2225 verborum
1075 2187 1138 2223 dei
1183 2188 1544 2225 transsubstanciet
1589 2200 1870 2236 quemcunque

561 2249 723 2283 beatum
757 2247 796 2282 in
830 2247 1021 2295 lapidem,
1067 2255 1103 2282 et
1148 2245 1278 2281 facere
1325 2246 1539 2294 qualitates
1584 2258 1661 2294 que
1706 2254 1797 2282 sunt
1831 2245 1870 2280 in

562 2314 702 2341 sancto
736 2304 957 2341 informare
1002 2304 1111 2340 illum
1161 2303 1356 2351 lapidem:
1401 2316 1492 2340 nam
1540 2313 1621 2340 tam
1668 2303 1870 2351 quantitas
1889 2307 1926 2340 35

561 2376 681 2411 quam
716 2362 889 2410 qualitas
924 2371 1082 2398 extensa
1115 2370 1246 2409 potest
1281 2361 1554 2409 multiplicari,
1587 2370 1630 2397 ut
1663 2361 1869 2409 inquiunt;

560 2433 684 2469 quare
718 2420 850 2466 igitur,
897 2433 985 2456 cum
1018 2416 1021 2472 Ι
1051 2428 1164 2456 tanta
1208 2419 1257 2454 sit
1301 2419 1517 2467 utrobique
1561 2418 1756 2456 distancia
1790 2421 1989 2466 ¹101³l394b

560 2478 684 2527 possit
718 2478 903 2514 accidens
939 2477 1249 2525 multiplicatum
1286 2477 1456 2523 extendi,
1503 2486 1540 2513 et
1584 2477 1727 2513 iterum
1774 2476 1869 2512 unio
1886 2481 1928 2520 Q.

561 2537 688 2572 forme
721 2548 809 2572 cum
847 2535 1030 2580 materia,
1075 2534 1367 2582 proposcioues
1408 2548 1569 2571 suarum
1606 2535 1784 2582 parcium
1834 2543 1870 2569 et

559 2606 749 2629 numerus
784 2607 918 2630 earum
967 2606 1054 2629 cum
1092 2592 1287 2640 quotlibet
1322 2592 1533 2639 similibus,
1581 2592 1930 2640 multiplicatur40

560 2651 599 2687 in
633 2651 785 2698 lapide;
819 2663 941 2699 quare
976 2651 1094 2697 igitur
1126 2663 1205 2686 non
1240 2659 1400 2697 possent
1434 2650 1599 2691 virtutes
1633 2659 1669 2686 et
1703 2649 1872 2686 heatitu-

632 2793 658 2811 ”.
680 2785 737 2812 alia
758 2785 825 2817 BD;
847 2792 929 2812 corr.
951 2784 989 2811 A.
1046 2791 1074 2813 o.
1096 2788 1314 2819 corruperetur
1333 2783 1398 2810 ΑΒ.
1455 2782 1492 2811 13.
1514 2791 1636 2818 speram
1659 2791 1762 2811 omnes
1781 2782 1872 2811 MSS.

563 2827 601 2846 ιτ.
624 2798 770 2846 Ᾰοπιίηιιε
791 2821 827 2847 l).
885 2826 927 2854 19.
948 2818 1031 2854 quod
1055 2817 1144 2847 BCD.
1200 2826 1240 2845 21.
1262 2826 1478 2854 quamcunque
1498 2818 1564 2846 AC.
1620 2825 1667 2854 29.
1689 2824 1720 2847 ut
1740 2820 1827 2846 deest
1838 2818 1871 2845 Β.

562 2852 605 2882 32.
628 2859 809 2890 potestatem
831 2854 863 2882 Β.
935 2852 982 2889 39.
1005 2853 1224 2890 proporcionis
1244 2852 1277 2880 Β.
