2099 3347
723 742 1185 795 CAPITULUM
1223 741 1632 796 OCTAVUM.

753 859 812 900 De
833 858 1194 912 multiplioaoione
1218 858 1408 912 corporis
1432 858 1606 901 Christi.

582 965 756 1003 Ulterius
774 974 895 1002 restat
911 964 1043 1002 videre
1061 967 1108 1001 de
1126 964 1467 1013 multiplicacione
1486 965 1663 1014 corporis
1679 965 1839 1013 Christi,

523 1024 564 1060 in
597 1036 676 1072 qua
709 1023 887 1070 materia,
920 1022 1022 1059 sicut
1053 1022 1370 1071 multiplicantur
1400 1022 1542 1059 ficticie
1575 1024 1622 1060 de
1651 1023 1840 1072 multipli-

525 1081 689 1118 cacione
711 1083 964 1117 sacerdotum
997 1089 1033 1117 et
1064 1082 1338 1117 membrorum
1362 1080 1537 1128 ecclesie,
1570 1081 1626 1118 sic
1650 1081 1872 1129 multipli-5

525 1148 665 1176 cantur
703 1139 913 1176 mendacia
952 1140 1000 1175 de
1040 1138 1380 1187 multiplicacione
1413 1139 1589 1187 corporis
1623 1138 1768 1176 Christi
1799 1139 1840 1175 in

525 1197 754 1235 eukaristia.

246 1260 348 1290 Three
366 1271 450 1300 ways
470 1264 505 1292 of
581 1255 727 1292 Tribus
760 1264 892 1292 autem
927 1254 1055 1291 modis
1087 1263 1215 1303 potest
1246 1254 1412 1303 intelligi
1444 1254 1731 1303 multiplicacio
1755 1268 1841 1292 cor-

254 1297 498 1335 understanding
601 1313 608 1319 -
748 1312 757 1320 .
801 1312 807 1318 .
918 1312 925 1319 .
1193 1312 1200 1319 .
1509 1313 1516 1319 ‚

279 1331 340 1359 this
359 1333 464 1361 word:
523 1326 631 1362 poris
664 1314 822 1350 Christi.
864 1315 1012 1360 Prlmo,
1045 1314 1154 1361 quod
1192 1313 1298 1349 Idem
1331 1325 1474 1361 corpus
1508 1326 1548 1349 1n
1580 1325 1749 1350 numero
1782 1326 1840 1349 se—

243 1364 502 1431 “¹¹g¹f¹¹{{fi¹riicsfit¹}550n
526 1373 703 1408 cundum
743 1383 783 1407 se
815 1379 943 1408 totum
983 1370 1325 1407 dimensionaliter
1362 1371 1482 1407 simul
1519 1371 1568 1407 sit
1604 1383 1676 1419 per
1713 1384 1840 1419 quan-
1860 1385 1898 1406 10

315 1436 429 1473 body”.
523 1438 772 1477 tumcunque
811 1429 966 1466 diversa
1002 1429 1110 1475 loca3
1155 1430 1333 1465 secundo
1373 1427 1377 1478 Ι
1417 1430 1552 1476 modo,
1586 1430 1696 1477 quod
1733 1429 1962 1466 idemA68‘1

270 1470 476 1544 1Ztaggmbtoghye
526 1500 670 1536 corpus
702 1487 742 1523 in
780 1499 950 1523 numero
988 1486 1107 1523 simul
1145 1486 1194 1523 sit
1231 1486 1572 1523 dimensionaliter
1608 1499 1679 1535 per
1715 1500 1840 1523 unum

259 1540 493 1615 qusaiiffiiltlgtigssly
525 1546 659 1609 locum
693 1554 730 1582 et
759 1544 980 1582 virtualiter
1011 1544 1052 1581 in
1080 1553 1223 1582 natura
1246 1557 1318 1581 sua
1337 1557 1408 1593 per
1431 1544 1567 1581 alium.
1600 1547 1649 1582 Et
1670 1554 1841 1593 utraque

235 1609 266 1636 in
280 1612 395 1639 several
408 1613 509 1647 places
528 1612 694 1640 istarum
727 1602 1113 1651 multiplicacionum
1149 1611 1205 1639 est
1226 1603 1380 1639 famosa
1403 1612 1498 1651 aput
1520 1602 1692 1640 diversas
1715 1612 1841 1640 sectas

252 1649 484 1716 μαᾶὂὲἓζξῖἴὸ,
526 1662 566 1697 in
598 1661 766 1698 materia
798 1662 845 1698 de
878 1660 1104 1697 eukaristia.
1137 1661 1281 1697 Tereia
1307 1660 1383 1707 via,
1418 1662 1526 1709 quod
1557 1661 1663 1698 idem
1697 1673 1840 1709 corpus
1861 1663 1897 1696 15

243 1713 484 1783 pltg‘geelyviisstffffi
525 1719 573 1756 sit
603 1728 760 1756 tantum
792 1732 862 1767 per
891 1732 1019 1755 unum
1051 1719 1185 1755 locum
1223 1717 1297 1755 sibi
1336 1720 1579 1767 adequatum
1619 1721 1840 1755 secundum

283 1771 451 1837 din’many.
483 1761 502 1789 y
524 1786 710 1814 naturam
749 1776 928 1814 eiusdem
967 1778 1034 1813 sed
1072 1777 1114 1813 in
1145 1776 1266 1825 signis
1305 1786 1373 1813 aut
1403 1777 1612 1813 virtutibus
1644 1776 1693 1813 sit
1723 1776 1842 1813 simul

253 1816 486 1892 3rintng'azu33e
525 1848 595 1883 per
635 1835 788 1872 diversa
832 1835 933 1882 loca,
979 1834 1081 1871 sicut
1124 1847 1269 1882 corpus
1309 1834 1456 1872 Christi
1494 1844 1550 1871 est
1587 1835 1628 1871 in
1666 1834 1843 1883 qualibet

238 1889 509 1954 polvrigiahncessaonfy'
526 1893 721 1941 particula
753 1893 880 1929 hostie
909 1901 1151 1939 consecrate,
1186 1901 1222 1929 et
1243 1905 1309 1929 rex
1331 1894 1551 1929 secundum
1572 1892 1841 1940 Augustinum

242 1958 303 1985 this
322 1959 403 1998 third
424 1960 582 2000 ⁸wayzest
613 1950 732 1987 simul
764 1951 804 1987 in
836 1950 970 1987 multis
1003 1950 1181 1999 partibus
1214 1950 1324 1998 regni
1357 1950 1429 1987 sui.
1465 1950 1575 1987 Sicut
1606 1950 1712 1986 enim
1734 1950 1841 1987 idem
1858 1962 1900 1984 20

271 1994 480 2058 soamlfflffvsssin
526 2021 739 2046 commune
772 2008 1061 2057 multiplicatur
1091 2008 1132 2044 in
1164 2008 1344 2057 quolibet
1375 2008 1458 2045 eius
1490 2008 1709 2056 supposito,
1751 2021 1841 2044 curn

236 2062 272 2123 ΞΕ
286 2062 574 2128 {igilvfiffiggloffsit
604 2066 764 2103 illorum
803 2066 1019 2115 quodlibet,
1052 2066 1108 2103 sic
1141 2079 1285 2115 corpus
1319 2066 1465 2103 Christi
1497 2067 1580 2103 mul
1608 2062 1612 2119 Ι
1641 2065 1883 2114 tiplicaturB
1903 2079 1945 2111 77

277 2134 464 2198 indiizliciiisals
524 2137 565 2161 in
597 2124 774 2173 qualibet
810 2124 940 2161 hostia
978 2132 1223 2171 consecrata,
1263 2137 1354 2160 cum
1386 2124 1434 2160 sit
1466 2125 1767 2172 quodammodo
1798 2123 1843 2160 il-

1949 2066 1963 2084 b

524 2183 655 2219 larum
684 2182 877 2231 quelibet3
911 2195 984 2219 nec
1017 2182 1058 2219 in
1090 2191 1234 2219 natura
1266 2195 1339 2219 sua
1369 2181 1510 2231 recipit
1543 2181 1843 2219 denominacio-

524 2253 594 2277 nes
626 2240 768 2287 varias,
801 2240 893 2277 licet
923 2240 1009 2289 ipsa
1041 2240 1154 2289 signa
1177 2239 1448 2288 multipliciter
1469 2239 1682 2277 varientur.
1717 2242 1765 2276 Et
1786 2239 1842 2276 sic
1859 2240 1899 2274 25

526 2311 670 2347 corpus
709 2297 856 2335 Christi
902 2307 960 2334 est
995 2299 1055 2335 vel
1097 2297 1329 2345 virtualiter,
1366 2298 1426 2335 vel
1467 2311 1558 2335 cum
1597 2298 1672 2334 hoc
1711 2309 1842 2334 sacra-

525 2356 752 2393 mentaliter
783 2356 847 2393 hic
878 2356 1101 2393 nobiscum.

236 2425 257 2453 Ι.
274 2425 340 2453 The
359 2426 424 2454 first
442 2435 512 2463 way
585 2416 735 2452 Contra
766 2414 942 2463 primum
974 2413 1211 2462 replicatum
1246 2422 1303 2451 est
1325 2413 1420 2450 alibi
1443 2415 1551 2462 quod
1574 2425 1692 2450 omne
1715 2426 1842 2462 quan-

236 2460 610 2533 isinffiffggsbjblmtum
644 2481 701 2510 est
731 2472 935 2509 infinitum
969 2484 1180 2520 magnum3
1213 2471 1309 2520 quia
1341 2473 1391 2508 da
1422 2473 1533 2520 quod
1561 2484 1656 2519 non,
1690 2471 1841 2520 pedalis

243 2530 381 2567 quantity
400 2532 504 2559 would

236 2565 386 2638 infiniiffiss
406 2565 502 2638 ἓῗρᾶῑ,
594 2604 615 2623 1.
632 2595 810 2630 Capitulum
825 2598 856 2623 et
867 2595 972 2623 titulus
984 2594 1098 2623 desunt
1113 2595 1207 2622 ABD.
1265 2603 1293 2628 ο.
1316 2595 1432 2623 Christi
1453 2595 1540 2622 deest
1549 2594 1650 2629 ACD;
1673 2594 1711 2622 ib.
1727 2593 1843 2629 primo-

525 2630 618 2658 modo
640 2631 673 2658 B.
730 2638 769 2658 21.
791 2638 924 2658 comune
944 2630 1008 2658 CD.
1064 2637 1105 2665 21,
1122 2637 1165 2657 22.
1181 2637 1251 2657 cum
1267 2630 1307 2657 sit
1321 2630 1446 2657 illorum
1461 2629 1621 2665 quodlibet
1641 2629 1729 2656 deest
1744 2628 1841 2658 ACD.

599 2701 651 2733 28.
684 2702 775 2733 Here
800 2701 934 2744 Wyclif
961 2711 1185 2733 commences
1217 2712 1236 2733 a
1268 2701 1373 2733 series
1398 2701 1439 2733 of
1461 2706 1661 2743 arguments
1685 2699 1760 2732 that
1785 2710 1841 2732 are

523 2758 607 2791 very
635 2746 781 2780 difficult
805 2754 840 2779 to
866 2747 999 2788 follow,
1036 2748 1149 2791 partly
1181 2758 1228 2779 on
1261 2753 1408 2779 account
1438 2747 1479 2779 of
1505 2747 1564 2779 the
1595 2747 1781 2789 reasoning
1806 2747 1841 2778 in

525 2794 620 2826 itself
634 2794 808 2834 (reductio
835 2794 884 2826 ad
909 2794 1122 2835 absurdum)
1141 2793 1252 2836 partly
1272 2794 1421 2826 because
1438 2793 1478 2826 of
1492 2793 1657 2836 probable
1675 2792 1839 2836 copyists'

525 2850 646 2872 errors.
678 2840 792 2872 There
818 2840 845 2872 is
877 2850 896 2872 a
925 2839 994 2872 like
1025 2840 1092 2871 and
1126 2840 1192 2872 still
1227 2840 1296 2872 less
1332 2839 1633 2882 comprehensible
1664 2839 1769 2872 series
1804 2839 1836 2870 in

525 2887 579 2924 De
604 2886 799 2921 Benedicta
827 2887 1089 2921 lucar-natione,
