2099 3347
234 217 308 253 150
949 225 1174 257 JOHANNIS
1199 225 1385 257 WYCLIF
1668 221 1758 249 CAP.
1778 221 1830 249 x1.

513 332 609 368 libet
653 331 945 368 nominandum
980 340 1016 367 et
1047 330 1131 379 pari
1170 331 1331 367 racione
1364 330 1558 379 quidlibet
1590 338 1719 378 potest
1750 342 1833 366 esse

516 388 722 438 quidlibet.
777 390 855 426 Sed
899 390 1009 426 scola
1052 388 1222 425 intendit
1265 390 1312 425 de
1357 396 1610 424 sacramento
1655 387 1833 424 sensibili

522 447 700 495 corporis
734 446 892 492 Christi,
928 448 1037 495 quod
1070 448 1255 483 sacerdos
1288 447 1328 482 in
1363 446 1483 482 missa
1507 454 1726 491 consecrat,
1759 445 1834 482 vir-

518 514 599 541 tute
620 506 833 541 verborum
858 504 1019 550 Christi,
1053 513 1266 552 postquam
1291 501 1422 552 ipsdm
1445 513 1635 551 tanquam
1663 502 1831 539 hostiam

519 564 832 599 consecrandam
867 572 983 599 antea
1027 561 1231 598 offerebat.
1278 564 1411 610 Ipsum
1457 570 1590 598 autem
1636 570 1692 597 est
1735 560 1867 596 illuds

266 635 299 654 so
322 626 465 662 theysay
518 621 654 656 album
688 630 724 656 et
756 622 975 657 rotundum
1009 619 1221 656 intinctum
1256 621 1364 668 quod
1407 619 1534 656 fidelis
1574 618 1836 666 corporaliter

259 661 433 723 δὲἑξέἶηέἧῖ
451 694 478 722 is
519 679 737 714 manducat
769 687 806 714 et
837 678 927 714 terit
960 677 1145 714 dentibus
1179 687 1215 714 et
1247 678 1356 725 quod
1389 676 1556 713 ecclesia
1602 676 1697 712 dicit
1743 684 1834 712 ante

237 730 492 798 Μζῧὲἓξζξςὲε
519 735 871 772 consecracionem
903 735 1022 772 fuisse
1054 748 1192 771 verum
1226 748 1385 783 panem,
1425 735 1574 771 factum
1607 746 1835 770 sacramen—

233 800 291 827 But
310 799 381 835 they
400 798 496 838 ought
518 793 650 830 taliter
683 806 828 841 corpus
862 792 1025 830 Christi.
1072 795 1173 830 Cum
1207 792 1327 841 igitur
1360 792 1400 828 in
1432 793 1507 829 isto
1541 792 1705 828 ecclesie
1739 792 1834 828 fide-

235 839 266 861 ω
286 834 322 861 be
343 833 494 869 pumshed
518 851 616 887 lium
661 861 816 888 tantum
861 851 1057 897 illuditur,
1110 851 1266 887 videtur
1321 850 1397 887 iuri
1450 863 1671 887 consonum
1725 850 1892 898 quod1o

227 876 502 965 ἑὴὲεξῧᾞζξέᾈῃέζ
517 910 716 946 seculares
749 922 829 945 non
863 910 956 945 dent
988 908 1176 945 fratribus
1220 909 1281 945 vel
1326 907 1446 945 alicui
1490 906 1712 956 presbitero
1757 908 1833 943 ele-

232 967 717 1019 untiltlicyhaxe1iiosinan1
767 968 1018 1014 corporalem
1067 976 1286 1015 antequam
1330 966 1405 1014 ipsi
1447 967 1566 1014 plene
1610 965 1834 1009 docuerint,

242 1007 484 1070 {ffgrziinhehiittissi
517 1024 614 1073 quid
666 1024 715 1061 sit
767 1024 866 1061 illud
917 1024 1145 1062 venerabile
1196 1033 1508 1061 sacramentum.
1563 1024 1673 1060 Illam
1729 1022 1834 1059 enim

518 1082 908 1120 cathechizacionem
943 1084 990 1119 de
1033 1091 1286 1119 sacramento
1333 1082 1481 1128 altaris,
1526 1090 1684 1118 tenetur
1728 1093 1835 1129 pres-
1853 1107 1875 1138 l·
1896 1107 1964 1138 Cor

517 1140 619 1177 biter
650 1140 821 1177 seculari
858 1140 1090 1189 inpendere,
1124 1149 1167 1176 ut
1199 1140 1379 1176 innuitur
1420 1144 1457 1175 1³
1485 1141 1575 1176 Cor.
1610 1141 1703 1184 IX03
1747 1138 1837 1175 ideo
1859 1153 1912 1192 lx,
1934 1134 1973 1193 14‘

517 1198 665 1247 petenti
710 1198 973 1235 elemosinam
1019 1212 1041 1235 a
1086 1199 1215 1245 layco,
1270 1199 1387 1234 debet
1435 1197 1513 1234 dici
1547 1210 1620 1234 con
1651 1196 1655 1246 Ι
1684 1197 1958 1241 stantcrAssyd

517 1258 625 1305 quod
657 1255 782 1292 nichil
815 1256 978 1293 habebit
1022 1258 1071 1293 ab
1115 1256 1217 1304 ipso,
1263 1265 1483 1303 antequam
1528 1254 1719 1292 detexerit
1762 1254 1836 1291 sibi

254 1319 326 1357 And
349 1328 382 1346 as
403 1319 472 1355 they
518 1314 638 1350 fidem
674 1314 916 1351 catholicam
951 1313 990 1350 in
1025 1316 1099 1351 hac
1132 1323 1259 1362 parte.
1295 1316 1343 1350 Et
1376 1326 1466 1350 cum
1501 1313 1624 1349 multe
1657 1321 1763 1349 secte
1797 1312 1837 1348 in

256 1354 474 1424 ἓιέξξῖξξᾶᾞζ,
517 1371 593 1408 isto
624 1371 791 1409 variant.
827 1372 1006 1420 exigatur
1039 1385 1061 1408 a
1092 1372 1213 1408 fratre
1237 1373 1346 1419 quod
1370 1371 1410 1407 in
1434 1370 1590 1419 scriptis
1615 1370 1836 1407 certificent

228 1424 298 1459 they
319 1423 429 1451 ⁵¹¹⁰¹¹¹d
458 1427 626 1466 “tinam
659 1443 743 1466 esse
776 1443 1031 1466 communem
1066 1429 1311 1467 sentenciam
1344 1439 1448 1466 secte
1480 1441 1561 1465 sue.
1595 1429 1696 1464 Illud
1730 1428 1835 1465 enim
1853 1441 1895 1462 20

227 1458 502 1520 {gifftliiigi'rnsilegi
517 1488 621 1524 foret
652 1487 822 1525 seculari
855 1487 1104 1525 necessarius
1137 1500 1260 1535 quam
1292 1487 1423 1523 littere
1460 1487 1721 1533 fraternales3
1767 1499 1835 1534 po-

259 1527 476 1589 behileivceffezvgcrir
519 1545 669 1582 tissime
714 1558 804 1582 cum
850 1545 937 1582 aliis
989 1544 1223 1582 orthodoxis
1275 1554 1437 1593 propter
1489 1544 1698 1593 antiquam
1745 1542 1836 1580 fidei

280 1596 455 1666 012223323715
517 1603 765 1640 sentenciam
798 1603 1016 1652 imponunt
1047 1603 1238 1648 heresim3
1273 1612 1309 1640 et
1331 1615 1571 1652 quecunque
1599 1615 1690 1651 pars
1720 1601 1838 1638 fuerit

259 1666 467 1701 blasphemes-
519 1661 560 1697 in
592 1662 668 1697 hoc
701 1661 813 1708 falsa,
860 1661 1032 1698 seminat
1076 1663 1124 1697 de
1168 1660 1328 1698 Christo
1373 1661 1564 1697 blasfeme
1611 1659 1835 1705 mendacia,

520 1728 558 1756 et
590 1718 757 1766 indigna
790 1728 848 1755 est
885 1719 1016 1756 vivere
1055 1720 1102 1755 de
1150 1718 1266 1755 bonis
1313 1718 1491 1763 ecclesie,
1537 1718 1631 1767 quia
1675 1717 1716 1753 in
1761 1717 1837 1753 fide
1854 1721 1893 1753 25

520 1790 592 1824 per
625 1778 801 1814 cautelas
836 1776 996 1825 dyaboli
1029 1775 1185 1813 seducit
1216 1777 1427 1824 populum.
1463 1778 1554 1812 Non
1587 1776 1706 1824 igitur
1730 1787 1837 1811 com-

521 1834 720 1871 municari
755 1836 871 1871 debet
903 1848 994 1872 cum
1027 1834 1173 1871 talibus
1206 1843 1422 1882 antequam
1456 1833 1497 1869 in
1519 1834 1594 1870 isto
1618 1832 1839 1870 detexerint

520 1901 674 1929 rectam
705 1894 709 1935 Ι
741 1892 880 1938 fidem3
926 1905 1020 1929 nam
1053 1893 1114 1929 vel
1146 1893 1332 1928 laborant
1365 1891 1527 1933 invidia,
1575 1890 1745 1940 perfidia
1778 1891 1878 1928 velb
1898 1896 1956 1939 95⁶

520 1949 758 1998 ignorancia
790 1959 827 1986 et
860 1950 1038 1998 undique
1072 1952 1293 1998 prudenter
1325 1949 1552 1996 examinati,
1592 1950 1839 1986 accusabunt

521 2021 561 2045 se
594 2007 702 2057 ipsos
735 2017 928 2057 tanquam
961 2008 1002 2044 in
1036 2008 1113 2045 fide
1147 2007 1385 2046 contrarios.

258 869 307 896 sor
328 868 451 896 deludin

590 2160 624 2180 ιι.
647 2152 758 2180 debent
780 2153 811 2180 Β,
887 2153 925 2181 15.
947 2152 1047 2181 innuit
1068 2152 1131 2181 Cl).
1207 2161 1248 2188 19.
1270 2152 1414 2181 certificet
1434 2153 1468 2182 C.
