2099 3347
75 1270 99 1300 Β
118 1267 180 1301 88¹³

198 254 286 282 CAP.
302 255 338 282 X.
678 258 737 289 DE
764 257 1032 289 APOSTASIA.

197 364 450 412 “Denique'',
483 364 628 412 inquit,
670 363 967 400 “unanimitate
1001 362 1253 399 Christianos
1288 362 1404 399 firma
1437 363 1511 399 sibi

197 430 317 470 atque
350 421 610 470 inseparabili
644 421 811 459 caritate
845 433 1045 458 connexos
1079 420 1204 457 eciam
1253 420 1339 468 ipsa
1384 421 1513 457 domi-

196 479 286 516 nica
310 488 564 516 sacramenta
587 480 815 523 declarant;
849 492 942 515 nam
967 479 1129 527 quando
1155 478 1342 515 dominus
1365 491 1512 527 corpus

196 550 311 574 suum
345 550 488 586 panem
522 546 639 574 vocat
673 539 720 574 de
754 537 967 585 multiplici
1007 549 1225 585 granorum
1261 537 1514 573 adunacione

163 597 432 644 5congestum
467 605 634 644 propter
666 604 852 633 nostrum
878 608 997 643 quem
1022 596 1210 643 portabat
1234 594 1386 631 indicat
1418 596 1515 631 adu-

194 662 348 700 natum,
395 662 433 690 et
478 655 640 703 quando
673 653 910 702 sanguinem
945 666 1060 690 suum
1096 653 1272 701 appellat
1306 654 1353 689 de
1388 653 1514 690 botris

195 720 315 760 atque
348 711 473 748 acinis
505 711 693 760 plurimis
720 724 947 760 expressum
972 720 1093 760 atque
1116 711 1156 747 in
1179 724 1302 747 unum
1328 720 1513 748 coactum

194 782 354 817 gregem
400 778 582 806 nostrum
629 769 762 818 signat
795 769 1081 806 commixtione
1126 770 1300 805 adunate
1335 769 1515 805 multitu-

196 827 299 863 dinis
333 828 611 876 copulatum.'’
646 830 694 864 Et
728 828 834 864 idem
869 827 1007 864 dicunt
1042 826 1170 864 sancti
1204 828 1252 863 de
1285 827 1513 864 millenario

142 895 180 916 10
197 885 344 922 Christi
379 886 647 923 concorditer.

136 945 181 976 M·
255 945 369 981 Unde
400 944 580 980 solebam
614 956 765 992 ponere
797 952 876 980 tres
923 943 1202 980 conclusiones
1248 943 1288 979 in
1320 942 1396 979 ista
1430 956 1513 980 ma-

1727 258 1803 294 127

1615 950 1717 978 Three

1557 986 1774 1012 conclusion-st

195 1001 309 1048 teria,
345 1015 444 1050 quas
478 1001 704 1038 catholicus
750 1003 867 1038 debet
914 1014 1041 1050 usque
1088 1002 1138 1038 ad
1173 1009 1343 1038 mortem
1379 1002 1512 1038 defen-
1570 1022 1604 1047 In
1625 1020 1701 1047 ‘that
1720 1021 1770 1047 ,he

195 1061 307 1096 dere:
358 1059 505 1105 Prima,
552 1072 790 1109 quecunque
834 1072 1008 1107 persona
1050 1060 1113 1096 vel
1146 1068 1256 1096 secta
1296 1068 1353 1095 est
1392 1059 1511 1096 nimis
1553 1055 1735 1083 Sacrament
1754 1056 1781 1082 is

1554 1090 1593 1130 by

1614 1094 1721 1117 nature
1743 1098 1781 1116 an

195 1117 383 1164 heretica,
419 1130 495 1167 que
527 1117 788 1166 pertinaciter
821 1117 1043 1154 defenderit
1078 1118 1187 1166 quod
1210 1126 1509 1154 sacramentum
1534 1125 1632 1160 abiect
1652 1125 1748 1160 thing·
1769 1125 1795 1152 is

140 1176 177 1208 15
194 1176 333 1212 altaris
365 1188 436 1224 per
469 1188 509 1212 se
543 1175 712 1213 existens
745 1176 785 1212 in
816 1184 962 1212 natura
985 1188 1057 1213 sua
1079 1175 1282 1212 infinitum
1307 1175 1510 1212 abieccior

1586 1167 1602 1186 a
1623 1160 1748 1195 heresy;

73 1221 180 1254 ‘¹8⁰⁸‘
194 1233 285 1282 equi
317 1246 421 1282 pane
454 1246 500 1270 ac
539 1233 579 1270 in
608 1230 612 1287 Ι
642 1233 864 1282 perfeccior
910 1242 986 1280 est3
1031 1235 1223 1280 secunda,
1258 1230 1508 1287 quicunquel
1565 1241 1613 1268 2⁰⁴1
1633 1241 1709 1268 ‘that
1728 1240 1767 1268 its

193 1291 453 1340 pertinaciter
502 1291 724 1328 defenderit
769 1293 878 1340 quod
923 1292 1072 1328 dictum
1121 1301 1420 1328 sacramentum
1460 1291 1510 1328 sit
1535 1279 1796 1345 naiilpi-geicxpgsggts

195 1349 393 1395 accidens,
429 1350 646 1398 quantitas,
694 1349 867 1399 qualitas
907 1358 975 1386 aut
1008 1362 1147 1387 eorum
1182 1350 1407 1398 agregacio,
1453 1349 1511 1386 in·
1579 1345 1746 1379 accident';

194 1407 290 1444 cidit
323 1407 364 1444 in
396 1407 568 1444 heresim
602 1407 899 1456 supradictam3
933 1407 1071 1453 tercia,
1106 1407 1220 1456 panis
1253 1408 1436 1445 triticeus
1470 1408 1511 1444 in
1537 1450 1586 1477 xvh

1616 1381 1692 1408 dz'tlo
1701 1390 1712 1412 ‚-

1601 1413 1643 1442 ΒΝΊ1
1664 1416 1728 1442 that

1592 1454 1677 1477 caten
1700 1450 1792 1478 bread

137 1476 179 1498 20
193 1479 273 1514 quo
307 1466 435 1502 solum
469 1465 562 1502 licet
595 1466 793 1503 conficere
838 1475 896 1502 est
939 1466 979 1502 in
1011 1474 1155 1502 natura
1186 1465 1389 1502 infinitum
1423 1478 1557 1515 per-is
1578 1493 1664 1512 more
1686 1485 1801 1519 perfect

193 1523 341 1560 feccior
384 1536 488 1572 pane
531 1524 668 1561 sabino
712 1524 773 1560 vel
817 1524 986 1570 fatonis,
1040 1537 1213 1573 quorum
1258 1533 1427 1573 uterque
1470 1523 1511 1560 in
1587 1520 1740 1555 thanany

191 1590 337 1618 natura
366 1591 423 1618 est
453 1582 676 1630 perfeccior
708 1581 928 1619 accidente.
964 1584 1078 1618 Patet
1111 1582 1318 1619 conclusio
1353 1595 1396 1619 ex
1435 1583 1510 1619 hoc

193 1641 302 1688 quod
349 1639 579 1688 quicunque
624 1639 846 1677 defenderit
898 1639 967 1686 sic,
1023 1640 1200 1676 defendit
1251 1640 1511 1688 pertinaciter

192 1699 338 1734 docma
370 1697 568 1746 scripture
602 1710 713 1735 sacre
754 1698 1017 1744 contrarium,
1063 1698 1157 1746 quia
1190 1698 1380 1735 tractatui
1414 1711 1511 1747 apo-

1590 1554 1739 1582 accident.

135 1754 282 1791 25stoli
335 1759 373 1791 ιξι
414 1757 507 1796 Cor.
546 1758 579 1792 X
625 1765 663 1793 et
705 1757 755 1792 XI
802 1757 850 1792 de
897 1769 1067 1805 corpore
1111 1755 1261 1793 Christi
1304 1757 1365 1793 vel
1413 1769 1509 1793 cena
1542 1762 1610 1790 The
1630 1764 1696 1803 first
1717 1768 1781 1790 two

192 1813 409 1860 dominica,
455 1822 498 1850 ut
537 1823 648 1862 patet
688 1826 759 1862 per
793 1814 1088 1863 exposicionem
1122 1814 1340 1859 Ambrosii,
1373 1816 1507 1863 Augu·
1525 1802 1799 1867 ‘'¹,fi's‘1'ssgssitffl'1fffflse

191 1871 283 1907 stini
317 1880 355 1908 et
387 1871 559 1908 aliorum
593 1880 840 1919 sanctorum,
881 1872 949 1921 qui
982 1873 1143 1909 fuerunt
1175 1885 1279 1921 pape
1310 1872 1507 1921 precipui.
1529 1868 1587 1894 ³⁰⁶¹

191 1931 292 1966 Nam
325 1942 463 1966 verum
496 1943 642 1979 panem
667 1939 908 1967 cenaverunt
932 1930 1081 1968 Christi
1104 1930 1311 1978 discipuli3
1346 1939 1383 1967 et
1406 1931 1507 1967 foret

191 1987 310 2023 nimis
344 1989 573 2024 absolutum
608 2001 629 2024 a
663 1988 741 2025 fide
785 1988 982 2037 scripture
1027 1990 1136 2037 quod
1170 1988 1352 2025 Christus
1397 1988 1506 2037 pavit

135 2046 176 2078 30
192 2058 285 2082 suos
319 2045 538 2095 discipulos
570 2059 674 2095 pane
706 2045 909 2083 infinitum
950 2046 1078 2095 peiori
1124 2059 1245 2095 quam
1293 2055 1351 2083 est
1391 2047 1506 2095 panis

192 2103 344 2140 ratonis
375 2105 436 2141 vel
469 2104 585 2152 panis
619 2104 719 2141 alius
751 2117 989 2141 venenosus.
1030 2106 1119 2141 Hoc
1153 2104 1258 2141 enim
1292 2118 1373 2152 non
1406 2105 1506 2141 exci-

191 2170 308 2208 taret,
357 2163 424 2198 sed
471 2171 675 2199 revocaret
720 2163 941 2199 catholicos
986 2175 1029 2199 ex
1073 2162 1282 2199 nimietate
1326 2163 1506 2200 horroris

191 2219 376 2267 accipere
421 2229 743 2267 sacramentum3
788 2233 862 2257 nec
905 2229 1040 2269 posset
1082 2221 1161 2257 tale
1206 2229 1505 2257 sacramentum

191 2277 330 2325 perfici
363 2290 434 2326 per
467 2278 666 2326 accidens,
701 2291 790 2315 cum
825 2291 906 2315 non
938 2278 1086 2327 poterit
1120 2278 1296 2315 alterari.

1610 1868 1763 1894 therefore
1783 1875 1799 1894 a

1601 1902 1720 1939 heresy.

134 2336 173 2369 35
250 2337 326 2371 Sed
361 2335 454 2385 quia
486 2338 740 2384 Wymundus
780 2336 819 2373 in
858 2345 1032 2373 tractatu
1066 2349 1138 2373 suo
1172 2337 1219 2373 de
1252 2345 1505 2373 sacramento
1583 2343 1681 2371 Value
1702 2343 1737 2370 of

1547 2377 1587 2405 Gt

1587 2378 1769 2405 iitmuudus'

191 2393 328 2429 altaris
361 2403 502 2430 contra
535 2394 822 2441 Berengarium
856 2394 1015 2431 videtur
1049 2406 1133 2431 esse
1167 2403 1285 2431 autor
1320 2394 1505 2443 capitalis
1546 2413 1767 2441 testimoni-as

135 2453 175 2484 N.
191 2451 247 2487 sic
280 2451 561 2500 opinancium3
595 2452 685 2489 ideo
719 2452 900 2500 arguitur
933 2465 976 2489 ex
1009 2452 1092 2489 eius
1115 2452 1362 2498 testimonio,
1397 2454 1506 2501 quod
1527 2448 1783 2517 (ξέῑέἓιάρξξὲξβὼζ

191 2508 424 2556 inpossibile
458 2519 515 2546 est
548 2519 845 2547 sacramentum
882 2510 1019 2546 altaris
1053 2512 1159 2558 quod
1195 2519 1252 2546 est
1276 2510 1505 2556 eukaristia,

191 2578 274 2603 esse
320 2580 559 2616 quacunque
606 2568 802 2605 materiali
838 2567 1070 2604 substancia
1115 2568 1316 2604 abieccius
1360 2568 1399 2604 in
1438 2581 1506 2605 na-

131 2637 176 2667 40
190 2632 292 2661 tura.
339 2625 486 2662 Scribit
519 2626 623 2662 enim
659 2626 762 2663 libro
795 2639 866 2662 suo
899 2627 1090 2672 secundo,
1136 2628 1242 2674 quod
1290 2626 1506 2663 eukaristia
1548 2632 1592 2659 Hc
1614 2632 1768 2669 snysthat

1532 2667 1581 2693 the

1602 2667 1785 2694 Sam-ament

190 2682 239 2718 sit
272 2692 570 2720 sacramentum
606 2684 787 2732 corporis
821 2683 972 2720 domini
1008 2683 1261 2720 intransitive
1285 2685 1504 2732 loquendo,
1532 2702 1558 2728 is
1578 2702 1629 2728 the
1651 2702 1732 2737 body
1752 2702 1786 2729 of

1545 2736 1652 2763 Christ
1671 2737 1730 2763 aud
1752 2744 1768 2763 a

1562 2772 1585 2797 si

1591 2779 1628 2806 gn
1651 2771 1685 2798 of
1701 2771 1752 2798 the

1534 2813 1622 2841 grace
1643 2806 1677 2833 of
1696 2805 1776 2833 God.

259 2850 301 2879 16.
322 2856 367 2878 est
387 2852 472 2879 deest
492 2852 580 2880 ECD.
669 2860 713 2879 22.
735 2857 816 2886 patet
837 2852 996 2880 conclusio
1018 2857 1100 2887 patet
1121 2852 1185 2881 Cb.
1271 2852 1313 2880 23.
1336 2853 1379 2880 sic
1400 2853 1503 2881 defen-

189 2885 267 2913 derit
288 2887 332 2913 sic
352 2886 415 2914 CL).
490 2886 528 2915 31.
550 2887 683 2914 racionis
704 2887 739 2915 C.
