2099 3347
1776 230 1796 254 [Ο

1807 220 1823 255 Q)

1836 219 1852 255 (aa

245 224 335 253 CAP-
357 225 438 253 XVI·
730 227 790 259 DE
819 226 1085 259 APOSTASIA.

243 343 382 379 tatem,
408 346 497 370 cum
522 335 743 370 secundum
770 335 920 370 Grecos
945 334 985 369 in
1009 333 1141 381 specie
1167 334 1353 369 columbe
1378 333 1564 382 spiritum

244 392 497 428 descendisse
537 392 587 428 sit
627 391 838 439 scripturn,
879 393 947 428 sed
981 401 1062 428 tam
1097 404 1235 428 verum
1270 404 1390 439 quam
1426 391 1567 428 divini-

243 459 303 487 tas
327 462 403 498 que
429 459 562 486 manet
587 450 771 498 semper?
795 451 990 486 Creatura
1010 459 1145 486 autem
1169 463 1248 486 non
1265 458 1397 497 potest
1420 449 1566 486 veritas

244 521 341 554 esse,
376 509 444 544 sed
469 508 621 556 species
645 520 720 556 que
745 507 859 544 facile
882 508 1050 543 solvitur
1081 517 1199 556 atque
1226 516 1424 553 mutatui-3
1448 507 1567 543 simul

211 566 339 614 §quia
374 579 510 602 eorum
549 566 615 614 qui
647 565 902 613 baptisantur
937 579 1017 601 non
1053 566 1090 602 in
1124 565 1256 613 specie
1290 567 1434 601 debeat
1468 577 1564 609 esse,

243 625 310 660 sed
349 636 441 660 vera
481 623 740 671 simplicitas3
787 624 893 659 unde
935 623 1123 660 dominus
1163 623 1236 659 ait:
1276 624 1413 659 Estote
1445 624 1569 659 astuti

242 682 339 718 sicut
372 689 569 730 serpentes
601 690 636 717 et
669 681 863 730 simplices
888 682 987 717 sicut
1019 682 1203 717 columbe.
1251 681 1395 717 Merito
1429 680 1564 728 igitur,

244 739 346 776 sicut
381 740 569 776 columba
593 739 800 776 descendit
834 748 876 775 ut
900 740 1137 776 admoneret
1162 752 1234 775 nos
1258 738 1561 786 simplicitatem

244 798 430 834 columbe
476 799 620 834 debere
666 798 825 833 habere.
873 797 1058 845 Speciem
1100 806 1234 834 autem
1282 810 1356 845 pro
1396 795 1565 833 veritate
1624 804 1801 852 ‘The-wofgd

190 854 523 903 Ioaccipiendam
558 855 748 903 legimus3
790 864 827 891 et
860 856 908 891 de
942 855 1101 892 Christo
1136 864 1173 891 ct
1206 856 1359 905 “specie
1390 848 1757 905 inventusves}*'g‘}1¹{,⁵‚
1780 849 1854 902 fied

244 921 284 949 ut
306 910 464 955 lzomo''‚·
496 923 533 950 et
567 916 614 950 de
649 915 726 950 deo
759 922 873 961 patre
907 917 1054 962 “neque
1076 913 1240 962 speciem
1272 914 1352 949 eius
1377 910 1564 950 vidistiss'
1636 906 1786 971 ’Ξξυὲῃξᾶἔῑ

301 973 355 1006 Ex
389 970 472 1007 istis
506 971 663 1008 videtur
695 981 855 1008 sanctos
887 984 1032 1008 vocare
1065 980 1364 1008 sacramentum
1390 970 1564 1018 speciem
1745 953 1784 980 y.

242 1028 357 1077 panis
391 1038 428 1066 et
450 1028 545 1073 vini,
577 1029 670 1078 quia
694 1029 974 1066 consideracio
1008 1031 1055 1066 de
1078 1029 1304 1078 quidditate
1336 1029 1565 1065 substancie

243 1099 313 1124 sue
347 1096 404 1123 est
437 1087 582 1136 sopita,
623 1096 660 1124 et
692 1087 761 1124 illa
802 1087 1033 1124 substancia
1067 1096 1124 1124 est
1163 1096 1479 1132 sacramentum,
1522 1097 1564 1123 ut

102 1145 227 1179 A116d
244 1144 378 1182 taliter
411 1155 585 1194 sumpta.
616 1143 620 1193 Ι
649 1148 697 1181 Et
730 1146 890 1191 iterum,
926 1145 965 1181 in
990 1155 1186 1194 quantum
1220 1145 1444 1182 similitudo
1478 1158 1565 1182 cor·

242 1203 352 1252 poris
393 1203 542 1240 Christi
589 1212 646 1240 est
690 1203 855 1252 species,
902 1203 1005 1240 sicut
1051 1203 1229 1253 quelibet
1275 1213 1461 1241 creatura
1507 1213 1564 1241 est

244 1261 397 1310 species
431 1274 510 1309 quo
544 1263 593 1298 ad
628 1263 761 1298 deum.

301 1320 379 1356 Sed
413 1319 515 1356 absit
540 1320 724 1356 fidelibus
758 1320 919 1356 credere
943 1321 1052 1368 quod
1085 1319 1117 1356 si
1141 1319 1191 1355 sit
1216 1319 1369 1368 species
1392 1320 1563 1357 istorum
1591 1328 1742 1363 ‘Species'
1762 1330 1837 1358 does

242 1390 476 1425 corporum,
510 1386 606 1414 tunc
629 1391 711 1414 non
744 1386 802 1414 est
824 1377 939 1425 panis
969 1386 1038 1414 aut
1062 1377 1222 1424 vinum3
1257 1391 1348 1414 cum
1371 1388 1564 1427 sequatur
1592 1372 1784 1432 appefflssfflae
1805 1409 1840 1427 or

186 1447 227 1468 20
242 1435 490 1483 oppositum,
525 1436 626 1472 sicut
659 1436 860 1484 sequitur:
901 1435 1065 1483 spiritus
1098 1445 1261 1473 sanctus
1295 1445 1353 1473 est
1386 1437 1490 1474 visus
1522 1437 1563 1473 in
1595 1431 1712 1496 Ῐῑὲξὲξέ
1733 1434 1837 1497 ἶζᾞιξῑῑ

243 1493 427 1529 columbe
451 1494 596 1541 specie,
631 1493 753 1542 igitur
786 1493 852 1530 illa
877 1493 1029 1541 species
1064 1503 1120 1530 est
1144 1494 1346 1532 columba.
1380 1497 1429 1532 Et
1451 1504 1562 1543 patet
1577 1509 1843 1543 manytrqspectm

243 1552 446 1599 quomodo
478 1551 553 1588 ista
580 1551 817 1588 Antichristi
850 1551 1057 1588 conclusio
1092 1554 1139 1589 de
1172 1552 1399 1600 quidditate
1432 1553 1561 1590 hostie
1596 1536 1835 1602 1333125133330

242 1618 487 1655 consecrate,
528 1611 636 1658 quod
670 1609 720 1646 sit
760 1609 948 1646 accidens
981 1609 1065 1646 sine
1104 1610 1298 1657 subiecto,
1342 1620 1399 1647 est
1433 1606 1848 1677 mani—ssffisretgjffeslgffigd

240 1667 337 1703 feste
371 1667 560 1714 heretica,
595 1680 684 1704 cum
711 1668 808 1704 fides
832 1667 1042 1716 scripture,
1065 1668 1261 1705 naturalis
1294 1669 1418 1716 racio,
1452 1669 1624 1706 testi-the
1646 1676 1727 1714 Holy
1749 1678 1851 1707 Ghost

184 1726 223 1759 25
242 1724 377 1761 monia
410 1734 644 1762 sanctorum
680 1735 716 1762 et
750 1727 911 1762 decreta
945 1726 1110 1763 ecclesie
1144 1726 1441 1764 contradicunt.
1576 1713 1847 1776 *vssofflchlffll-Bssfse'

1573 1779 1640 1808 The
1659 1782 1798 1811 doctrine
1818 1784 1853 1812 of

1641 1817 1780 1845 absolute

1607 1851 1764 1880 accidents
1783 1853 1809 1881 is

309 1869 336 1897 8.
357 1875 513 1898 amoveret
533 1871 579 1905 A;
600 1879 653 1898 eos
673 1871 743 1906 Ass;
771 1872 807 1898 ib.
830 1871 1045 1908 simplicitates
1064 1872 1166 1907 AC1>3
1188 1873 1346 1909 simplices
1369 1873 1399 1900 Β.
1458 1881 1492 1901 ιι.
1515 1878 1559 1901 est
1635 1887 1788 1916 heretical.

234 1913 297 1940 pro
318 1909 350 1932 ut
368 1906 407 1933 A.
