2099 3347
155 609 171 640 5
188 604 328 652 religio
351 612 533 640 servatur
568 603 607 639 in
630 603 787 652 pannis,
818 613 1048 641 moveretur
1070 617 1160 641 cum
1188 604 1285 651 illis3
1322 614 1360 641 et
1386 605 1510 643 laicus

64 900 93 930 A
114 897 170 932 38⁰

134 1188 170 1220 15

71 1480 97 1510 B
119 1478 175 1510 50⁰

188 263 279 292 CAP.
300 264 324 292 1.
676 265 736 296 DE
763 265 1031 297 APOSTASIA.
1777 263 1794 297 5

246 374 357 418 Item,
391 381 434 408 ut
456 371 574 420 logici
598 380 782 420 arguunt,
817 371 933 409 aliter
957 381 1197 421 consumpta
1227 381 1264 409 et
1287 374 1508 412 inveterata
1540 382 1569 410 If
1586 391 1631 417 so,
1654 383 1781 418 religion

187 431 290 467 foret
312 429 678 478 proporcionaliter
700 429 791 467 talis
814 429 968 478 religio,
993 439 1037 466 ut
1060 430 1256 479 contingit
1280 444 1508 480 pannorum
1536 417 1791 487 zzuladncliaewigsrzd

189 487 471 536 consumpci03
513 496 562 534 et,
603 487 769 524 abiectis
808 487 964 536 pannis,
1005 488 1141 537 gracia
1175 489 1417 526 mutacionis
1448 491 1510 527 vel
1531 487 1798 549 Ουξῂὲξῃῒδὲῗνὲξὲδ

189 546 334 593 balnei,
374 544 431 582 sic
471 554 630 582 mutans
669 546 710 582 in
747 545 994 594 apostasiam
1034 546 1247 583 incideret!
1285 549 1385 584 Ymo
1418 560 1508 584 cum
1577 564 1661 583 wore
1682 561 1746 584 out.

1524 592 1574 617 An
1595 599 1656 624 ass,
1672 591 1798 619 dressed

1559 625 1589 652 in
1610 625 1660 653 the
1679 626 1765 661 garb,

187 662 322 710 ydiota
353 662 414 698 vel
446 661 594 708 asinus,
630 661 811 698 habitum
844 663 965 698 talem
1000 662 1177 709 indutus,
1221 663 1333 699 fieret
1370 672 1413 699 ut
1453 663 1509 700 sic
1549 660 1651 721 ζ’ῡξὲά
1671 660 1784 722 ἓθῑὲῃξὲ

186 719 292 757 illius
325 718 527 768 religionis
558 720 619 756 vel
651 719 817 756 ordinis.
1562 703 1579 721 O
1635 703 1650 722 e
1702 704 1715 722 r
1740 704 1782 722 ω’

244 780 326 815 Nec
368 778 474 814 valet
513 777 662 826 fingere
702 779 810 826 quod
854 787 1017 826 oportet
1062 787 1273 815 exuentem
1321 778 1502 815 habitum

187 835 445 873 essencialem
478 844 644 884 propter
677 848 841 873 causam
874 836 1146 873 necessariam
1181 836 1426 884 partibiliter
1449 836 1508 873 in-

188 895 309 931 duere
348 894 471 931 alium
513 893 696 930 habiturn
726 891 729 947 Ι
759 907 832 943 pro
873 896 1014 931 eodem
1056 903 1242 942 tempore
1276 907 1357 943 quo
1397 894 1510 943 prior

187 951 347 989 habitus
384 951 626 1000 partibiliter
671 961 729 989 est
769 961 926 998 exutus3
973 952 1067 1001 quia
1111 953 1212 988 ordo
1258 952 1315 989 sic
1356 961 1508 989 vetera-

187 1019 315 1047 sceret
359 1019 397 1047 et
442 1009 665 1058 susciperet
709 1010 836 1059 magis
881 1019 918 1047 et
963 1010 1096 1046 minus
1134 1019 1176 1046 ut
1222 1009 1402 1047 induicio
1447 1011 1509 1047 vel

188 1068 366 1105 mutacio
399 1068 492 1105 talis
525 1067 699 1115 habitus,
734 1081 825 1105 cum
859 1068 947 1105 aliis
973 1068 1109 1105 multis
1134 1068 1395 1115 adducendis,
1431 1081 1508 1117 que

187 1135 279 1163 sunt
311 1125 460 1163 similia
493 1125 769 1163 deliramentis
802 1126 1038 1175 puerilibus.

247 1186 346 1221 Item
380 1184 488 1221 iuxta
520 1184 639 1221 istam
673 1184 920 1221 sentenciam
954 1197 1061 1233 papa
1083 1197 1164 1221 non
1187 1193 1323 1232 posset
1347 1183 1506 1233 dispen-
1556 1191 1699 1227 Furstoer,
1722 1192 1772 1219 the

516 1242 522 1248 .
704 1242 710 1248 .
948 1243 954 1248 .
1173 1242 1180 1248 .
1326 1241 1333 1247 -
1557 1226 1639 1261 Pope
1658 1226 1763 1254 would

188 1255 277 1279 sare
312 1255 402 1279 cum
435 1243 590 1290 ordme,
628 1244 824 1279 varlando
864 1244 1045 1279 hab1tum
1080 1251 1118 1279 et
1150 1251 1250 1279 r1tus
1283 1242 1383 1279 ahos
1419 1255 1506 1279 cor—
1527 1262 1605 1289 have
1625 1269 1664 1288 no
1685 1269 1791 1297 power

188 1301 367 1349 porales:
414 1313 665 1349 consequens
710 1300 974 1349 impossibile.
1020 1303 1069 1337 Et
1115 1300 1411 1348 consequencia
1449 1300 1505 1337 sic
1543 1296 1783 1366 mgffshssnogfeatgoe

188 1360 404 1407 probatur:
459 1358 594 1395 Nichil
637 1360 747 1407 quod
791 1367 849 1395 est
893 1359 1127 1395 differencia
1172 1357 1401 1395 essencialis
1444 1359 1506 1395 vel
1522 1366 1640 1405 Qrdem
1663 1365 1716 1405 bur
1735 1366 1797 1393 this

190 1416 325 1465 passio
365 1425 501 1465 potest
539 1418 602 1453 vel
634 1429 706 1465 per
739 1418 859 1453 deum
893 1416 1073 1465 separari
1105 1429 1127 1453 a
1160 1416 1342 1453 subiecto
1375 1429 1506 1453 rema-
1538 1400 1779 1462 ¹Sb¹e¹ff3¹apusss⁵e⁸¹ffffi

189 1483 322 1521 nente,
369 1474 490 1523 igitur
531 1474 759 1511 evidencius
799 1487 906 1523 papa
933 1471 938 1528 Ι
967 1476 1044 1511 hoc
1088 1487 1170 1510 non
1212 1483 1366 1523 potest;
1412 1473 1506 1523 quia
1529 1469 1785 1532 ctianssgxtrebinffiied

190 1533 307 1570 aliter
340 1542 476 1581 posset
507 1532 548 1569 in
582 1532 912 1579 contradictoria,
952 1533 1057 1569 ultra
1097 1534 1231 1569 deum.
1277 1533 1369 1568 Ideo
1410 1532 1506 1569 dicit
1523 1538 1794 1574 powerthanGod.

189 1592 445 1628 Bernhardus
477 1591 659 1639 gloz-ator
693 1604 782 1628 cum
815 1599 923 1627 textu
956 1603 1076 1639 super
1102 1591 1145 1626 30
1169 1589 1433 1627 decretalium
1459 1591 1507 1626 de
1574 1573 1753 1636 ἐίῇξδξὶἓῗδ

189 1658 297 1686 statu
329 1650 623 1686 monachorum
648 1648 856 1697 (capitulo,
884 1647 978 1686 Cum
1008 1650 1060 1684 ad
1081 1648 1372 1691 monasterium)
1397 1649 1507 1696 quod
1538 1644 1786 1714 unssffiymartlake

189 1708 434 1744 monachum
467 1716 600 1756 potest
632 1719 737 1756 papa
777 1707 908 1744 facere
946 1706 1275 1755 proprietarium,
1316 1707 1386 1742 sed
1426 1718 1507 1742 non
1539 1713 1784 1775 dnffzs-Zffltgalthe

1561 1757 1569 1775 l
1707 1770 1713 1781 ⁷

132 1768 171 1801 25
187 1774 318 1814 potest
341 1766 474 1802 facere
496 1767 604 1814 quod
636 1765 757 1802 simul
788 1764 839 1802 sit
872 1766 1095 1802 monachus
1129 1773 1166 1800 et
1199 1763 1505 1812 proprietarius.
1603 1781 1721 1822 subject

247 1826 302 1860 Ex
324 1836 404 1872 quo
426 1832 537 1872 patet
560 1824 669 1873 quod
693 1823 837 1872 aliquis
869 1822 969 1859 ritus
1003 1832 1061 1859 est
1094 1821 1323 1859 essencialis
1357 1821 1504 1867 ordini,
1532 1817 1717 1880 ζὲὧῃέῑῐῐὲῑὲὲΐ
1730 1817 1783 1879 ’ἓξ

189 1890 322 1930 preter
363 1881 544 1918 habitum
586 1882 855 1931 corporalem,
897 1894 985 1918 cum
1021 1893 1100 1929 quo
1133 1893 1240 1928 papa
1272 1879 1504 1928 dispensare
1520 1891 1633 1914 cannot
1653 1887 1692 1914 do
1712 1887 1796 1914 what

188 1952 271 1977 non
301 1948 435 1988 potest
467 1948 597 1977 stante
630 1940 785 1976 ordine.
821 1939 886 1976 Sic
910 1938 1014 1976 enim
1040 1938 1236 1975 limitatus
1260 1946 1317 1974 est
1343 1938 1503 1974 habitus
1541 1922 1779 1984 ςοῆζᾞέῑζῖξοῃ,

190 2011 212 2035 a
243 2011 351 2047 papa
382 1998 506 2046 nigris
541 1997 759 2044 canonicis,
793 1997 849 2034 sic
882 2006 919 2034 et
951 1997 1161 2034 variantur
1193 1995 1276 2033 albi
1313 1995 1504 2032 monachi
1551 1990 1768 2062 mgssgspssggy

133 2059 209 2093 303
243 2056 366 2105 nigris
398 2056 438 2092 in
470 2056 622 2102 habitu,
656 2064 787 2092 stante
819 2055 973 2102 ordine,
1006 2055 1062 2092 sic
1096 2054 1222 2091 eciam
1247 2062 1424 2097 mutatus
1447 2062 1504 2090 est
1519 2060 1651 2096 changes
1664 2060 1795 2096 ofgarb.

190 2114 348 2151 habitus
394 2114 704 2151 Carmelitarum
749 2122 878 2150 stante
922 2115 1063 2150 eodem
1107 2111 1262 2159 ordine,
1306 2120 1350 2148 ut
1394 2120 1505 2160 patet
1526 2095 1793 2166 Hedeixssgxeingggnts

188 2172 346 2209 notanti
363 2172 545 2209 cronicas
559 2171 673 2208 istius
689 2171 869 2208 materie.
892 2173 941 2207 Et
956 2170 1184 2208 evidencius
1200 2178 1332 2218 potest
1347 2168 1505 2206 ostendi
1531 2165 1719 2227 conciigssigig
1738 2164 1787 2192 the

190 2242 261 2279 per
293 2231 369 2267 hoc
402 2231 510 2279 quod
542 2243 649 2279 papa
682 2229 887 2278 dispensat
919 2242 1010 2266 cum
1044 2228 1181 2266 multis
1214 2227 1424 2264 ordinibus
1457 2229 1505 2263 de
1572 2234 1742 2262 fleshmeat.

191 2301 260 2325 esu
283 2287 477 2333 carnium,
505 2288 631 2325 eciam
656 2287 696 2324 in
719 2287 951 2333 refectori03
987 2300 1076 2324 cum
1100 2286 1221 2335 igitur
1242 2287 1318 2322 hoc
1341 2285 1391 2322 sit
1413 2298 1506 2334 pro—

133 2348 173 2382 35
190 2346 378 2395 pinquius
401 2346 666 2395 religiositati,
690 2358 810 2394 quam
828 2345 988 2382 habitus
1012 2344 1253 2394 corporalis;
1279 2344 1405 2379 multo
1429 2343 1506 2380 evi-

136 2477 175 2509 F.

190 2404 354 2441 dencius
376 2413 509 2453 potest
525 2404 758 2452 dispensare
782 2403 966 2440 cumillis
986 2416 1065 2451 quo
1089 2405 1139 2439 ad
1161 2403 1283 2439 talem
1308 2400 1503 2438 habitum.

248 2464 290 2499 In
323 2462 399 2499 ista
432 2462 603 2499 materia
635 2474 717 2499 non
750 2462 922 2498 delectat
963 2461 1092 2498 fidelis
1132 2461 1376 2497 contendere
1409 2458 1503 2508 quia
1553 2464 1758 2493 conclusion:

191 2529 248 2557 est
292 2520 463 2557 tradicio
509 2521 688 2557 humana
732 2528 867 2568 preter
912 2519 1032 2556 fidem
1077 2518 1288 2567 scripture.
1334 2517 1503 2554 Videtur
1518 2499 1794 2562 nggeaggtgnssarlrot

261 2654 285 2682 5.
307 2658 482 2681 moveretur
500 2653 606 2680 struck
625 2655 681 2681 out
697 2653 744 2686 A;
766 2656 939 2679 servaretur
954 2652 994 2685 B;
1015 2656 1193 2679 moneretur
1207 2651 1243 2678 D.
1301 2659 1330 2690 9,
1345 2659 1386 2679 10.
1403 2659 1505 2678 essen-

191 2689 298 2716 cialem
317 2704 352 2708 —-
371 2688 510 2715 habitum
531 2688 617 2715 deest
634 2687 668 2716 C.
779 2694 818 2714 12.
839 2686 984 2714 induccio
1003 2686 1100 2714 ACD.
1210 2687 1252 2713 10.
1275 2686 1352 2713 allos
1372 2685 1449 2713 ritus
1469 2685 1504 2713 Ε.

192 2732 231 2757 17.
253 2722 420 2751 Conclusio
440 2722 474 2750 E.
545 2722 584 2750 18.
606 2721 784 2749 essencialis
804 2721 888 2749 desst
904 2721 938 2749 E.
1006 2720 1049 2749 23.
1071 2720 1207 2756 capitulo
1226 2736 1260 2740 —-
1280 2720 1504 2759 monasterium

190 2759 276 2820 ἓξὲξ
291 2757 402 2820 {hilm
423 2758 460 2784 ad
482 2757 611 2785 modum
630 2756 665 2784 E.
777 2763 824 2791 29.
847 2756 918 2783 alibi
938 2756 1033 2784 ABD.
1150 2754 1197 2792 30,
1218 2754 1257 2783 31.
1280 2763 1324 2783 Sic
1343 2769 1375 2774 —
1396 2754 1505 2782 ord1ne

262 2896 316 2921 22.
341 2887 440 2919 Decr.
469 2886 612 2931 Gregor.
637 2885 696 2919 lib.
723 2886 777 2930 111,
802 2886 852 2918 tit.
877 2886 1012 2927 XXXV,
1041 2896 1070 2918 e.
1096 2884 1128 2918 6.
