2099 3347
220 241 295 285 134

259 362 349 390 Then
370 363 440 397 they

265 397 370 424 would
395 399 429 423 be

248 431 456 467 superfluous.

243 538 269 565 It
290 540 402 564 cannot
423 535 459 562 be

248 572 314 599 said
336 571 401 598 that
421 577 458 596 an

261 606 400 634 accident
418 605 445 632 is

239 641 365 669 distinct
381 640 464 679 from

259 677 298 704 its
319 676 446 710 subject,

280 711 384 738 unless
404 718 420 736 a

261 744 445 774 substantia]

240 781 322 809 form
345 780 380 807 be
401 780 466 806 also

261 815 387 850 capable
407 813 442 841 of

215 851 348 885 existing
359 849 491 876 without

262 884 396 920 subject;
417 884 440 911 it

258 920 349 954 being
369 927 456 946 more

251 955 368 990 perfect
387 954 460 981 than

238 998 297 1026 any
317 989 466 1017 accident.

282 1406 433 1443 Quantity

222 1443 345 1471 follows
366 1445 492 1475 matter;

217 1477 335 1514 quality
354 1475 493 1511 depends

295 1520 335 1539 on
355 1512 406 1538 the
430 1526 434 1530 -

264 1546 445 1575 substantia]

236 1583 336 1615 f0rm;
358 1585 470 1608 matter

234 1617 294 1644 and
315 1617 397 1644 form
418 1623 469 1643 are

242 1652 275 1679 in
296 1659 381 1679 some
402 1654 467 1678 sort

263 1687 444 1714 substance:

216 1722 319 1749 which
338 1720 493 1748 accidents

263 1760 376 1784 cannot
399 1756 444 1782 be.

228 1793 312 1827 Pope
331 1791 482 1818 Innocent

242 1835 313 1862 says
333 1825 399 1853 that
419 1825 470 1852 the

223 1861 405 1889 bread-ness
426 1859 486 1887 and

268 1896 438 1923 wine-ness

246 1930 366 1958 remain
387 1930 465 1957 after

242 1964 467 1993 consecration.

281 2000 361 2028 This
381 1999 432 2026 the

256 2034 451 2063 adversaries

309 2070 401 2105 deny.

222 2106 281 2133 But
301 2104 484 2132 bread-ness

230 2140 289 2167 and
311 2139 482 2166 wine-ness

294 2182 344 2201 are
363 2174 415 2201 the

265 2208 448 2236 substantial

222 2244 321 2272 forms
342 2243 376 2271 of
393 2242 487 2270 bread

269 2278 329 2306 and
350 2278 440 2305 wine.

282 2452 367 2480 Even
387 2452 438 2479 the

232 2487 363 2515 materia
379 2487 485 2522 prima

221 2526 337 2550 cannot
356 2521 435 2548 exist
457 2521 495 2556 by

313 2556 405 2584 itself.

250 2591 319 2619 Nor
339 2599 394 2618 can
415 2590 467 2617 the

269 2625 451 2653 substantial

247 2661 346 2689 forms
367 2660 473 2688 either.

915 242 1139 276 JOHANNIS
1164 241 1350 275 WYCLIF
1658 238 1746 267 CAP.
1765 238 1817 267 XI.

504 351 741 401 qualitatem
777 359 814 387 et
847 349 1129 399 quantitatem.
1176 350 1277 385 Cum
1323 348 1444 397 igitur
1483 347 1707 384 subiectum
1741 348 1819 384 suf—

504 409 587 446 ficit
620 408 821 446 cumillis
867 408 907 444 in
952 419 1115 445 omnem
1159 406 1376 443 utilitatem
1421 406 1461 442 in
1506 418 1627 454 quam
1671 405 1820 442 sufficit

504 481 595 505 cum
630 466 906 504 accidentibus
929 465 1006 502 illis
1030 464 1289 511 absconditis,
1324 464 1581 501 manifestum
1607 472 1678 511 est,
1712 464 1820 512 quod

503 526 569 563 ille
602 525 908 574 superfluerent.
942 525 1024 560 Nec
1058 522 1213 559 dicetur
1245 519 1398 572 aliquid
1427 519 1431 576 l
1461 521 1646 559 accidens
1681 521 1941 569 distin-Bo&

504 583 576 631 gwi
610 596 632 620 a
664 582 857 629 subiecto,
890 581 967 618 nisi
1000 589 1174 630 ponatur
1218 580 1286 617 illa
1333 593 1417 617 esse
1463 579 1706 627 accidencia,
1750 583 1853 628 perf>

506 654 679 691 quorum
713 639 1004 690 aquisicionem
1040 648 1077 675 et
1109 638 1440 687 deperdicionem
1474 638 1698 675 subiectum
1737 647 1820 675 tam

504 700 612 737 varie
646 707 888 736 moveretur.
922 699 1021 734 Item
1054 696 1462 746 proporcionabiliter
1505 705 1548 733 ut
1581 695 1733 745 aliquid
1766 705 1822 733 est
1837 699 1874 731 C.

505 758 546 794 in
578 765 724 794 natura
756 755 1024 806 propinquius
1057 755 1300 802 substancie,
1349 763 1482 803 potest
1514 755 1646 804 ipsum
1678 767 1750 803 per
1781 767 1822 791 se

505 824 630 862 stare;
683 816 752 852 sed
795 815 926 851 forma
971 812 1252 850 substancialis
1298 812 1518 850 materialis
1571 821 1609 850 et
1653 812 1823 850 materia

505 874 637 922 prima
670 881 728 910 est
759 871 1029 921 propinquior
1060 871 1101 908 in
1132 880 1278 908 natura
1301 871 1530 908 substancie
1554 884 1675 920 quam
1700 883 1822 919 genus
1842 884 1880 905 10

504 931 672 980 aliquod
705 930 944 977 accidentis;
989 929 1110 978 igitur
1154 929 1242 978 ipsa
1289 938 1459 978 possunt
1492 928 1720 967 evidencius
1753 941 1824 977 per

506 1002 547 1027 se
579 998 697 1027 stare.
732 988 862 1025 Maior
894 996 1005 1037 patet
1037 1000 1082 1024 ex
1115 989 1204 1034 hoc,
1252 989 1360 1036 quod
1398 988 1467 1024 illa
1500 997 1558 1025 est
1590 987 1700 1024 racio
1733 988 1824 1024 sub-

505 1047 658 1084 stancie
690 1047 731 1083 in
763 1055 959 1096 quantum
993 1045 1098 1086 talis,
1139 1047 1187 1082 Et
1220 1046 1484 1083 confirmatur
1517 1058 1560 1083 ex
1590 1045 1824 1083 testimonio

506 1104 846 1152 adversariorum,
879 1104 947 1154 qui
979 1112 1198 1152 propterea
1221 1112 1376 1153 ponunt
1398 1104 1527 1141 solum
1552 1103 1822 1153 quantitatem

505 1158 632 1213 posse*
655 1175 727 1212 per
759 1175 799 1200 se
833 1175 931 1210 esse,
977 1162 1071 1211 quia
1115 1171 1173 1199 est
1216 1162 1394 1211 primum
1427 1155 1551 1211 genus
1585 1161 1820 1209 accidentis,
1844 1164 1880 1197 15

507 1234 758 1271 consequens
791 1220 1004 1258 materiam
1039 1232 1115 1269 que
1148 1228 1206 1257 est
1238 1220 1350 1269 prior
1380 1220 1531 1268 forma3
1563 1221 1625 1257 vel
1651 1216 1657 1274 Ι
1686 1224 1867 1257 secun—A
1886 1222 1946 1256 89,Β

507 1281 602 1316 dum
636 1279 735 1317 alios
767 1280 898 1316 solum
932 1278 1135 1327 quantitas
1169 1287 1206 1315 et
1238 1278 1411 1326 qualitas
1443 1286 1650 1327 ponuntur
1680 1291 1752 1327 per
1783 1290 1824 1315 se

508 1350 605 1384 esse,
653 1337 747 1387 quia
779 1336 955 1386 qualitas
989 1337 1037 1373 de
1070 1336 1302 1385 propinquo
1348 1336 1608 1386 consequitur
1651 1337 1825 1373 formam

508 1395 835 1433 substancialem.
869 1396 918 1431 Et
951 1393 1084 1431 minor
1116 1394 1344 1443 argumenti
1375 1403 1485 1443 patet
1518 1407 1562 1431 ex
1594 1396 1684 1442 hoc,
1717 1395 1825 1443 quod

507 1462 726 1502 utrumque
778 1453 948 1490 istorum
1004 1453 1294 1489 elementorum
1349 1461 1406 1489 est
1451 1454 1573 1490 modo
1618 1465 1690 1489 suo
1735 1454 1826 1489 sub·
1842 1465 1884 1487 20

507 1512 676 1559 stancia,
721 1520 759 1548 et
803 1511 909 1548 idem
956 1512 1261 1560 quodammodo
1307 1511 1534 1548 substancie
1581 1511 1825 1560 composite;

508 1571 585 1607 hoc
618 1578 752 1607 autem
798 1582 879 1606 non
924 1577 1059 1618 potest
1104 1577 1332 1618 competere
1377 1569 1591 1607 accidenti.
1639 1570 1755 1607 Unde
1787 1568 1827 1606 in

508 1627 866 1665 confirmacionem
900 1627 1014 1664 istius
1046 1640 1154 1676 papa
1186 1627 1450 1664 Innocencius
1486 1627 1567 1675 3¹¹⁵,
1601 1627 1669 1677 qui
1702 1627 1828 1664 credi-

507 1695 574 1722 tur
608 1698 693 1723 esse
726 1694 845 1723 autor
877 1685 990 1723 istius
1023 1685 1240 1734 opinionis,
1275 1685 1372 1723 dicit
1404 1685 1444 1722 in
1476 1694 1651 1723 tractatu
1684 1698 1756 1722 suo
1781 1686 1827 1721 de

509 1744 741 1791 eukaristia,
776 1745 885 1793 quod
918 1743 1076 1793 panitas
1122 1752 1160 1780 et
1202 1744 1347 1781 vinitas
1380 1752 1591 1781 remanent
1623 1744 1663 1780 in
1695 1756 1828 1780 sacra·
1843 1746 1882 1779 25

509 1811 647 1839 mento
680 1810 772 1851 post
805 1801 1180 1850 consecracionem3
1214 1803 1282 1839 sed
1306 1810 1426 1849 secte,
1459 1810 1654 1851 tanquam
1678 1801 1826 1850 ingrati

509 1860 594 1908 filii,
629 1860 767 1897 dicunt
800 1873 891 1897 cum
924 1860 1154 1907 Aristotele,
1200 1861 1309 1909 quod
1341 1861 1418 1897 hoc
1449 1873 1531 1897 non
1564 1869 1695 1909 potest
1729 1872 1825 1897 esse.

509 1920 587 1955 Sed
622 1920 670 1955 de
703 1917 980 1955 accidentibus
1014 1920 1138 1967 (quod
1173 1927 1230 1955 est
1261 1918 1489 1956 evidencius
1525 1927 1561 1955 et
1594 1918 1827 1955 Aristoteles

511 1976 608 2013 dicit
654 1976 893 2024 expressius)
938 1977 1081 2013 nolunt
1125 1989 1314 2014 revocare
1360 1989 1552 2023 errorem,
1599 1977 1696 2025 quin
1740 1976 1827 2025 ipsa

509 2042 698 2083 oporteat
731 2046 802 2083 per
836 2046 878 2071 se
911 2047 1007 2071 esse.
1040 2037 1123 2071 Nec
1157 2034 1323 2071 dubium
1359 2036 1456 2084 quin
1488 2035 1646 2083 panitas
1670 2043 1707 2071 et
1729 2033 1827 2072 vini-
1845 2039 1886 2072 30

508 2101 569 2129 tas
603 2101 695 2129 sunt
727 2093 855 2129 forme
888 2093 1191 2141 substanciales,
1240 2106 1316 2141 que
1350 2106 1439 2130 cum
1474 2102 1684 2130 remanent
1716 2100 1827 2142 patet

510 2163 554 2187 ex
587 2150 779 2199 opinione
811 2150 1042 2187 Innocencii
1074 2146 1161 2198 Illii,
1207 2153 1315 2200 quod
1359 2160 1569 2188 remanent
1601 2163 1828 2188 sacramen-

511 2216 609 2245 tum.
656 2208 696 2245 Si
730 2208 835 2245 enim
870 2209 1039 2246 materia
1072 2209 1204 2257 prima
1236 2218 1444 2246 remaneat
1478 2222 1548 2258 per
1580 2218 1738 2258 tempus
1771 2209 1828 2245 in-

509 2266 664 2313 formis,
712 2279 804 2303 cum
847 2280 930 2303 non
973 2266 1025 2303 sit
1064 2267 1160 2316 quid
1192 2267 1268 2304 nisi
1300 2280 1373 2316 per
1416 2268 1604 2314 formam,
1649 2267 1830 2317 sequitur

511 2325 619 2372 quod
651 2337 724 2372 per
753 2323 756 2373 Ι
784 2324 884 2361 illud
917 2333 1078 2374 tempus
1123 2338 1222 2374 pure
1255 2334 1437 2363 remanet
1480 2326 1616 2362 nichil.
1662 2328 1711 2362 Et
1754 2325 1870 2363 istaB
1890 2325 1949 2372 90¹³

512 2390 569 2418 est
601 2382 807 2419 sentencia
840 2382 946 2419 illius
980 2382 1109 2420 fidelis
1141 2384 1372 2432 philosophi
1405 2383 1586 2431 Ursonis,
1621 2383 1689 2432 qui
1722 2383 1829 2432 capi-

510 2440 595 2476 tulo
632 2440 675 2476 30
708 2440 799 2477 libri
843 2440 903 2477 sui
938 2442 1024 2477 “De
1059 2440 1318 2478 mixtionibus
1364 2442 1684 2479 elementorum⁷'
1719 2441 1827 2488 dicit,

512 2499 620 2546 quod
653 2498 823 2535 materia
856 2506 915 2535 est
940 2499 1117 2535 medium
1142 2499 1247 2536 inter
1270 2500 1543 2537 substanciam
1568 2508 1606 2536 et
1630 2499 1828 2546 accidens,

510 2568 584 2592 nec
617 2555 817 2603 accidens,
851 2564 895 2593 ut
927 2556 1072 2605 inquit,
1106 2557 1255 2606 poterit
1288 2571 1359 2606 per
1392 2571 1432 2595 se
1465 2571 1562 2595 esse.
1609 2561 1666 2595 De
1698 2559 1829 2595 forma

580 2666 624 2695 33.
645 2672 766 2695 maneat
786 2667 850 2695 CD.
921 2667 970 2702 34.
991 2668 1042 2696 sed
1057 2677 1120 2705 pro
1142 2669 1281 2705 sequitur
1299 2670 1361 2698 BC.

584 2727 638 2760 36.
663 2728 766 2768 UrsQ
792 2738 811 2759 a
829 2728 1013 2761 scholastic
1031 2730 1099 2761 and
1117 2730 1251 2762 natural
1270 2730 1499 2773 philosopher
1515 2730 1555 2762 of
1567 2729 1625 2762 the
1643 2729 1732 2762 XIIth
1750 2741 1829 2762 cen-

513 2780 602 2816 tury,
634 2775 765 2816 quoted
793 2774 838 2817 by
856 2775 990 2818 Wyclif
1018 2777 1053 2807 in
1082 2777 1134 2809 De
1163 2778 1426 2819 Compositione
1451 2777 1630 2817 Hominis,
1656 2777 1712 2809 De
1739 2777 1831 2809 Ente

519 2820 826 2853 Predicamentali
850 2822 916 2853 and
936 2821 1137 2855 elsewhere.
1163 2824 1225 2855 His
1244 2823 1452 2869 Aphorisms
1471 2825 1537 2859 and
1558 2823 1658 2857 other
1675 2824 1829 2866 writings

514 2876 570 2899 are
597 2867 631 2900 in
655 2866 713 2900 the
740 2867 909 2900 Bodleian
934 2868 1073 2916 library.
