2099 3347
285 286 362 321 242

281 396 376 424 Their
396 398 503 425 tlieorv
524 397 558 424 ot·

306 432 356 458 the
375 428 539 458 Eucliaiist

351 474 415 493 was
436 467 485 493 tlie

312 500 477 562 beffiinning
497 500 531 527 of

379 543 474 571 eresy.

299 569 387 605 They
407 570 480 596 used
506 574 536 596 to

327 613 380 640 say
399 605 422 631 it
441 613 507 631 was

321 639 512 673 something:

305 674 401 701 either
420 674 537 712 quality

313 716 349 735 or
368 713 517 744 quantity.

323 1031 403 1059 Now
423 1033 494 1067 they

277 1066 377 1093 affirm
397 1067 462 1094 that
482 1068 503 1094 it
523 1068 548 1094 is

276 1101 421 1136 nothing:
434 1110 468 1128 so
480 1103 549 1138 they

316 1144 371 1163 can
393 1145 446 1173 say
467 1145 506 1175 no

293 1178 393 1197 worse
413 1176 533 1206 against

275 1205 337 1232 mis
357 1206 547 1233 sacrament.

306 1553 377 1580 And
398 1553 513 1588 having?¹

307 1596 395 1615 come
415 1593 446 1615 to
466 1590 516 1616 the

288 1628 422 1650 extreme
442 1623 530 1658 point

272 1657 306 1684 of
318 1658 509 1697 blaspliemy,
531 1667 547 1685 a

291 1697 425 1720 reaction
447 1698 529 1720 must

359 1736 462 1755 CUSUC.

281 1784 340 1813 We
361 1790 444 1813 must
464 1791 534 1813 note

273 1820 342 1846 how
363 1821 412 1847 tlte
433 1822 539 1848 words

289 1855 323 1881 os
340 1855 388 1881 the
409 1854 533 1883 Churcli

301 1898 429 1929 oppose*
439 1890 517 1917 their

315 1929 500 1952 inventions.

355 2306 451 2335 Their

283 2341 531 2369 reci-iminations

276 2385 314 2404 on
336 2377 397 2404 this
418 2376 535 2411 subject

293 2412 422 2446 proceed
444 2411 523 2438 from

270 2448 391 2480 sliame;
410 2446 458 2473 t'or
472 2447 541 2482 they

286 2482 340 2508 feel
362 2482 426 2508 that
446 2481 524 2508 tlieir

340 2515 478 2543 doctrine

277 2551 466 2577 dishononrs
487 2552 535 2577 tlte

320 2585 494 2612 Eucharist.

1014 284 1236 316 JOHANNIS
1263 284 1447 316 WYCLIF
1692 283 1780 311 CAP.
1802 282 1897 310 XVII.

570 388 815 437 speculativa
847 389 1060 427 eucaristia
1092 391 1270 438 precedit
1300 390 1525 438 prenoscite
1559 392 1768 429 mendacia
1792 393 1887 429 divi-

569 447 692 483 sionis
738 446 915 483 ecclesie.
967 449 1082 483 Nunc
1127 458 1259 485 autem
1312 449 1488 485 creditur
1534 450 1789 486 mendacium
1838 452 1885 486 de

570 505 676 541 dicta
721 504 851 541 hostia
895 517 978 540 esse
1022 519 1240 543 summum.
1286 507 1403 554 Olym
1451 506 1555 543 enim
1602 508 1808 545 dicebatur
1846 508 1885 545 in

569 562 871 599 introduccione
911 571 1125 610 sectarum,
1165 566 1272 613 quod
1318 565 1401 613 ipsa
1447 565 1577 602 hostia
1624 565 1673 601 sit
1717 566 1883 614 aliquid,

569 620 662 669 quia
702 621 887 658 accidens
926 620 1009 657 sine
1048 621 1229 659 subiecto
1263 623 1371 671 quod
1404 631 1461 659 est
1495 623 1810 660 abiectissimum
1845 624 1918 659 in5

568 688 725 726 natura,
749 679 844 727 quia
867 678 1068 715 infinitum
1094 679 1358 728 inperfeccius
1383 694 1503 729 quam
1528 690 1884 730 quantumcunque

568 737 723 774 abiecta
757 735 975 773 materialis
1010 738 1251 775 substancia.
1286 740 1334 774 Et
1367 738 1422 774 hii
1455 748 1568 775 erant
1609 739 1802 787 bipartiti,
1842 749 1885 776 ut

566 808 647 831 una
686 803 793 831 secta
827 793 923 830 dicit
956 797 1063 843 quod
1102 795 1233 844 ipsum
1268 805 1565 833 sacramentum
1599 797 1648 833 sit
1681 797 1884 846 quantitas

567 861 604 889 et
636 853 714 889 alia
746 861 853 889 secta
886 853 993 900 quod
1026 853 1075 889 sit
1107 853 1291 890 accidens
1324 855 1563 902 perfeccius:
1605 854 1768 902 scilicet,
1803 868 1884 892 ma-

565 909 714 947 terialis
745 909 930 959 qualitas,
965 912 1013 947 Et
1042 911 1144 948 sicut
1179 922 1348 960 utraque
1382 912 1517 960 posuit
1550 925 1666 949 suum
1701 913 1884 950 accidens
1906 928 1944 948 10
1971 918 1993 949 I.

566 980 649 1005 esse
693 969 776 1005 sine
824 967 1018 1015 subiecto,
1059 968 1113 1005 ita
1152 969 1356 1006 sentencia
1400 983 1471 1006 sua
1515 970 1642 1007 caruit
1685 971 1754 1007 fun
1784 968 1787 1024 Ι
1817 973 2023 1008 da-A12o¹'

567 1035 715 1063 mento.
750 1028 865 1062 Nunc
899 1035 1048 1072 autem,
1084 1027 1223 1063 diebus
1263 1027 1421 1073 nostris,
1457 1028 1652 1076 surrepsit
1685 1029 1883 1066 bifurcata

564 1084 628 1121 via
652 1085 958 1130 blasfemorum;
992 1098 1163 1133 quarum
1187 1094 1357 1134 utraque
1382 1085 1490 1132 dicit,
1526 1088 1632 1134 quod
1656 1087 1882 1123 venerabile

565 1151 863 1179 sacramentum
895 1142 1033 1179 altaris
1062 1143 1186 1179 nichil
1210 1152 1279 1181 est.
1315 1143 1449 1180 Prima
1472 1153 1605 1180 autern
1630 1144 1738 1191 dicit,
1773 1147 1882 1193 quod

564 1210 621 1237 est
666 1200 881 1252 agregacio
927 1200 1203 1237 accidencium
1253 1201 1501 1238 diversorum
1549 1202 1589 1238 in
1635 1215 1792 1250 genere,
1838 1209 1937 1241 ut15

564 1258 800 1306 quantitatis
825 1268 862 1295 et
884 1258 1089 1307 qualitatis
1113 1259 1196 1295 sine
1219 1260 1450 1296 substancia
1473 1260 1670 1306 subiecta3
1705 1262 1879 1297 secunda

564 1316 672 1363 dicit,
720 1318 826 1366 quod
873 1325 930 1352 est
970 1318 1182 1365 qualitates
1226 1317 1311 1353 sine
1356 1317 1548 1365 subiecto,
1595 1331 1670 1367 que
1715 1318 1876 1368 quidem

562 1375 722 1411 fuerunt
766 1375 806 1411 in
851 1386 954 1423 pane
993 1376 1053 1411 vel
1097 1375 1202 1412 vino.
1248 1378 1329 1412 Nec
1374 1385 1554 1423 superest
1602 1376 1697 1424 quid
1743 1376 1876 1413 dicant

561 1433 728 1469 ulterius
779 1432 819 1469 in
868 1435 1039 1470 dedecus
1090 1433 1344 1479 sacramenti,
1400 1447 1521 1482 quam
1567 1435 1674 1483 quod
1723 1434 1773 1471 sit
1817 1447 1877 1471 res

561 1490 830 1528 abiectissima
878 1491 919 1527 iu
962 1500 1107 1528 natura
1145 1504 1190 1528 ac
1229 1493 1339 1540 quod
1376 1492 1425 1528 sit
1469 1492 1735 1540 incomposite
1779 1505 1876 1541 pure
1893 1509 1934 1530 20

561 1548 696 1585 nichil.
731 1550 831 1585 Cum
855 1548 977 1598 igitur
999 1558 1157 1597 oportet
1186 1551 1398 1586 mendaces
1429 1551 1583 1596 cadere,
1615 1563 1705 1586 cum
1729 1550 1877 1587 fuerint

561 1605 602 1643 in
645 1619 804 1644 summo
848 1609 976 1656 gradu
1021 1607 1240 1654 blasfemie,
1285 1620 1445 1645 necesse
1489 1607 1647 1644 videtur
1684 1607 1792 1656 ipsos
1836 1608 1877 1644 in

561 1664 686 1701 tercio
719 1665 832 1713 signo
861 1662 866 1718 Ι
896 1666 1078 1704 deficere.
1892 1672 2015 1705 8125*

619 1724 695 1759 Sed
729 1723 896 1760 ecclesia
930 1723 1107 1760 fidelium
1147 1724 1369 1760 attenderet
1402 1725 1608 1772 quomodo
1647 1733 1739 1761 ante
1778 1724 1874 1761 istos

562 1781 729 1817 ecclesia
767 1791 854 1818 orat
887 1782 933 1818 in
974 1794 1129 1819 canone
1168 1781 1299 1828 misse,
1341 1785 1410 1818 “ut
1450 1783 1523 1818 hec
1563 1782 1721 1819 oblacio
1760 1782 1874 1830 panis
1891 1788 1931 1820 25

562 1848 598 1875 et
629 1839 709 1875 vini
742 1840 856 1875 nobis
889 1852 1034 1888 corpus
1068 1849 1105 1876 et
1138 1840 1306 1887 sangwis
1339 1840 1407 1876 fiat
1440 1840 1593 1876 domini
1625 1840 1751 1877 nostri
1782 1843 1873 1877 Jesu

561 1896 751 1933 Christi⁷'.
797 1898 908 1934 Illam
942 1907 1075 1935 autem
1110 1897 1362 1936 oblacionem
1394 1907 1511 1934 vocat
1543 1906 1743 1935 terrenam
1783 1900 1873 1935 sub-

560 1955 770 2002 stanciam,
816 1965 859 1992 ut
903 1964 1011 2004 patet
1056 1955 1095 1992 in
1139 1965 1290 1993 secreta
1334 1958 1506 1992 secunde
1559 1956 1676 1993 misse
1728 1956 1873 1993 natalis

561 2013 728 2050 domini.
763 2015 837 2050 Iste
871 2023 1003 2050 autem
1037 2023 1142 2051 secte
1174 2014 1214 2050 in
1247 2023 1331 2051 toto
1364 2015 1627 2051 adversantur
1658 2024 1740 2051 tam
1766 2015 1873 2051 fideli

559 2071 649 2107 usui
701 2080 838 2108 sancte
891 2072 1029 2109 matris
1082 2072 1259 2118 ecclesie,
1315 2085 1405 2109 cum
1450 2072 1600 2118 dicunt,
1655 2074 1761 2121 quod
1805 2072 1872 2109 illa
1889 2076 1930 2108 30

559 2129 717 2166 oblacio
755 2142 836 2166 non
875 2139 1006 2177 potest
1047 2143 1129 2167 esse
1162 2143 1306 2178 corpus
1341 2139 1377 2167 et
1409 2130 1577 2178 sangwis
1608 2132 1699 2167 Jesu
1731 2131 1871 2167 nostri.

559 2188 637 2223 Sed
670 2187 779 2224 illam
813 2197 972 2236 oportet
1005 2188 1170 2225 omnino
1194 2188 1355 2234 destrui,
1391 2197 1427 2224 et
1450 2202 1574 2224 unum
1607 2188 1871 2237 inperfeccius

559 2258 680 2293 quam
721 2258 866 2294 corpus
906 2246 1221 2283 abiectissimum
1256 2259 1277 2283 a
1310 2246 1494 2283 fidelibus
1527 2247 1872 2283 sacramentaliter

559 2304 732 2340 adorari.
785 2306 834 2340 Et
878 2304 971 2352 quia
1013 2305 1334 2341 verecundantur
1372 2306 1419 2340 de
1464 2304 1710 2341 revelacione
1755 2305 1870 2341 huius

558 2361 726 2407 fallacie,
785 2371 1067 2410 pervertuntur
1125 2364 1174 2399 ad
1226 2362 1344 2399 solita
1408 2371 1593 2399 comenta
1656 2362 1926 2409 mendacii,35

556 2418 809 2467 imponentes
862 2420 976 2456 nobis
1029 2420 1139 2456 illam
1199 2420 1567 2457 dehonoracionem
1626 2420 1869 2457 sacramenti

557 2477 672 2513 huius
704 2477 955 2524 venerabilis,
989 2479 1097 2526 quod
1130 2477 1180 2514 sit
1212 2477 1476 2526 inperfeccius
1508 2478 1548 2514 in
1581 2486 1725 2514 natura
1748 2491 1867 2526 quam

556 2534 871 2572 abiectissimum
906 2548 1051 2584 corpus
1086 2536 1237 2572 mundi.
1271 2536 1336 2573 Sic
1369 2535 1474 2572 enim
1509 2535 1583 2583 ipsi
1615 2535 1724 2583 prius
1763 2537 1869 2572 fron-

555 2601 641 2629 tose
685 2594 946 2630 defenderant
990 2606 1077 2630 asse
1112 2590 1116 2646 Ι
1151 2595 1276 2630 rendo
1321 2602 1363 2629 ut
1409 2593 1542 2640 fidem,
1587 2595 1695 2641 quod
1735 2594 2006 2641 ipsumA12o¹³

556 2660 852 2688 sacramentum
889 2650 939 2687 sit
972 2651 1157 2688 accidens
1181 2653 1287 2700 quod
1318 2651 1428 2699 prius
1457 2651 1685 2688 informavit
1707 2663 1926 2699 paneni,4o

556 2721 674 2756 quam
701 2709 947 2746 sentenciam
973 2709 1221 2746 mendaciter
1243 2709 1457 2757 imponunt
1481 2711 1660 2745 Romane
1690 2709 1866 2746 ecclesie.

625 2851 644 2870 i.
666 2842 829 2870 eukaristie
843 2842 941 2875 ΛΙὲΕς
962 2843 999 2870 ih.
1022 2843 1195 2879 prenostice
1216 2843 1250 2871 (Σ.
1323 2842 1348 2870 3.
1370 2847 1414 2870 cst
1435 2842 1524 2870 Bet).
1599 2851 1638 2870 io.
1661 2851 1755 2870 unum
1778 2842 1866 2870 BCD.

557 2877 597 2903 16.
614 2877 748 2904 subiecta
764 2878 846 2904 deexl
867 2878 901 2904 Ι).
960 2877 1169 2905 18.;1iitl'›Cl).
1225 2878 1466 2910 21.ist;1sss(:ii.
1523 2878 1568 2905 26.
1590 2878 1634 2904 vc!
1653 2885 1712 2911 pra
1729 2878 1817 2905 nobis
1835 2878 1865 2904 Ρ..

555 2912 599 2937 28.
617 2917 733 2939 secreto
753 2912 784 2938 Β.
841 2911 886 2939 30.
903 2913 1017 2939 sanctis
1032 2913 1122 2940 sscl).
1185 2911 1222 2940 31.
1240 2913 1355 2940 Christi
1370 2921 1429 2947 pro
1445 2913 1542 2939 nostri
1560 2913 1591 2939 Β.
1647 2913 1690 2940 32.
1707 2913 1813 2940 vinum
1829 2912 1864 2939 D.
