2099 3347
268 236 346 271 208

291 703 323 730 in
343 703 446 730 which
467 711 513 730 we

274 742 357 765 must
377 742 448 765 note
467 738 532 765 that

291 774 327 800 he
348 773 453 800 makes
473 780 513 799 no

273 808 411 835 mention
431 807 466 834 of
482 807 532 834 the

282 843 471 869 destruction
492 842 527 869 of

277 877 452 911 substance,
474 877 529 904 but

324 919 411 947 says:
433 913 486 939 the

305 951 443 974 creature
463 946 504 982 of

308 981 403 1008 bread
416 1003 422 1009 .
439 1003 445 1009 .
463 1003 469 1008 .
488 1003 495 1009 .

331 1016 474 1043 becomes

276 1050 410 1079 Christ’s
430 1051 522 1088 body.

353 1166 382 1194 If
399 1171 453 1194 not

306 1202 497 1229 understood

330 1237 412 1272 thus,
434 1237 471 1263 he

304 1272 495 1299 contradicts

270 1306 410 1340 himself;
430 1307 532 1333 which

265 1341 361 1376 ought
380 1346 434 1368 not
452 1345 483 1368 to
506 1342 540 1368 be

325 1376 487 1403 admitted.

328 1573 379 1601 III.
399 1572 478 1600 John

293 1608 517 1642 Damascenus,

274 1643 347 1669 who
368 1643 393 1670 is
414 1643 479 1670 said
501 1647 532 1669 to

264 1678 363 1705 affirm
384 1677 436 1705 the
456 1685 532 1704 non-

275 1720 479 1746 permanence
499 1712 534 1739 of

291 1747 341 1774 the
362 1746 467 1780 bread,
489 1747 515 1773 is

293 1782 465 1817 absolutely
485 1781 520 1809 of

319 1824 369 1852 my·
390 1816 488 1844 mind.

292 2038 355 2065 For
374 2038 411 2065 he
432 2046 513 2074 says,

269 2072 339 2100 Cod
361 2073 416 2100 has
427 2073 544 2108 joined

299 2110 330 2135 to
350 2107 400 2135 tlze
418 2107 515 2134 bread

329 2142 385 2170 His
405 2150 475 2169 own

333 2177 475 2211 divinity.

322 2222 411 2250 Thus
432 2223 482 2250 the

296 2258 388 2285 broad
409 2258 435 2285 is
457 2262 510 2285 not

276 2292 452 2331 destroyed.
476 2293 527 2320 but

320 2328 485 2362 periected.

263 2385 312 2412 All
334 2386 400 2412 that
419 2385 533 2413 Scotus

292 2419 382 2446 could
404 2427 457 2455 say
477 2421 512 2447 of
553 2437 559 2443 -

286 2454 348 2493 this
367 2454 393 2481 is
413 2455 478 2481 that
497 2455 520 2482 it

265 2493 368 2524 pomts
387 2494 418 2516 to
438 2494 538 2516 trans-

270 2524 527 2558 substantiati0n3

993 245 1216 278 ,IOHANNIS
1242 247 1427 278 WYCLIF
1672 245 1762 273 CAP.
1784 245 1863 274 XVI.

554 350 615 386 nis
649 352 698 387 ad
731 351 857 388 altare
890 352 1088 388 memoria
1112 353 1341 401 replicatur,
1376 362 1413 389 et
1434 353 1548 401 panis
1582 363 1619 391 et
1641 354 1723 390 vini
1756 367 1866 391 crea-

554 418 645 445 tura
676 408 717 444 in
749 418 1045 446 sacramentum
1081 411 1210 447 carnis
1244 420 1279 448 et
1301 411 1512 459 sangwinis
1546 411 1630 448 eius
1652 411 1865 449 ineffabilis

554 466 717 515 spiritus
761 467 1088 504 sanctificacione
1132 469 1390 515 transfertur3
1443 469 1582 518 sicque
1626 482 1773 518 corpus
1826 479 1864 507 et

555 524 723 573 sangwis
767 525 874 561 illius
918 538 1000 561 non
1051 525 1275 563 infidelium
1321 526 1505 563 manibus
1549 529 1600 564 ad
1643 528 1862 576 perniciem

554 582 735 630 ipsorum
774 582 954 619 funditur
992 591 1029 619 et
1066 584 1277 631 occiditur,
1318 586 1387 621 sed
1425 584 1604 622 fidelium
1645 599 1713 623 ore
1751 588 1898 623 suam5

555 637 726 677 sumitur
758 640 799 677 in
832 641 1045 678 salutem''.

614 701 668 734 Ex
705 698 782 735 isto
821 707 928 735 textu
963 694 967 751 Ι
997 699 1174 736 doctoris
1212 699 1368 737 videtur
1404 700 1550 748 primo,
1594 703 1702 750 quod
1739 702 2004 748 utiturA107b

556 756 861 793 consti-uccione
905 756 1160 794 intransitiva
1210 766 1248 794 et
1292 758 1572 806 predicacione
1622 753 1920 808 ydemptica,ss·

555 816 719 863 quando
752 814 899 851 dicitur
931 816 1039 863 quod
1064 815 1179 863 panis
1203 825 1387 852 creatura
1410 817 1650 853 transfertur
1672 817 1712 853 in
1736 830 1869 855 sacra-

557 881 738 909 mentum
773 872 903 909 carnis
927 881 965 908 et
996 873 1208 921 sangwinis
1231 875 1323 910 Jesu
1346 874 1514 921 Christi;
1548 876 1623 912 hoc
1647 884 1722 912 est:
1759 888 1867 912 crea·
1887 889 1926 910 10

555 939 646 967 tura
685 943 760 979 que
800 939 855 967 est
894 930 1010 978 panis
1049 940 1086 967 et
1123 931 1274 977 vinum,
1322 932 1364 968 fit
1395 942 1694 969 sacramentum
1736 934 1866 970 carnis

556 997 592 1025 et
631 988 837 1036 sanguinis
876 988 1096 1025 salvatoris.
1142 991 1233 1026 Non
1265 998 1400 1026 autem
1439 990 1619 1039 loquitur
1652 993 1700 1028 de
1725 1000 1868 1031 ¹trans-

555 1046 710 1083 lacione
744 1059 822 1095 qua
845 1046 1076 1083 substancia
1108 1047 1225 1095 panis
1249 1047 1467 1084 destruitur
1498 1049 1559 1085 vel
1584 1049 1866 1097 deterioratur,

554 1104 657 1141 sicut
689 1106 917 1141 sacerdotes
939 1105 1153 1152 ydolorum
1188 1105 1328 1142 dicunt
1349 1106 1504 1143 nobiles
1537 1119 1629 1144 suos
1655 1107 1868 1156 dupliciter

556 1171 739 1199 mortuos
790 1162 1007 1199 translatos
1052 1162 1092 1199 in
1143 1163 1374 1200 societatem
1420 1166 1607 1211 deorum;
1658 1167 1727 1202 sed
1771 1167 1924 1215 quo-15

555 1222 789 1267 dammodo,
823 1219 925 1256 sicut
949 1233 1094 1269 corpus
1117 1222 1356 1258 translatum
1381 1222 1421 1258 in
1453 1222 1622 1270 gloriam
1648 1223 1691 1259 fit
1724 1236 1868 1272 corpus

555 1278 742 1325 nobilius,
776 1278 832 1314 sic
864 1290 1009 1327 corpus
1043 1280 1151 1327 quod
1184 1288 1277 1316 ante
1302 1280 1655 1317 consecracionem
1689 1294 1788 1329 pure
1812 1291 1868 1319 est

556 1335 685 1384 panis,
719 1336 762 1372 fit
796 1345 833 1373 et
866 1345 923 1372 est
955 1349 1025 1384 per
1058 1337 1411 1374 consecracionem
1445 1340 1749 1387 quodammodo
1783 1353 1868 1377 cor-

555 1407 630 1443 pus
664 1393 826 1431 Christi.
873 1396 921 1430 Et
953 1395 1009 1431 sic
1047 1407 1128 1431 non
1166 1405 1349 1432 remanet
1387 1405 1478 1444 post
1512 1397 1865 1434 consecracionem

555 1451 833 1501 principaliter
872 1465 971 1500 pure
1004 1453 1131 1501 panis.
1177 1455 1264 1490 Hoc
1297 1463 1429 1490 autem
1473 1464 1530 1491 est
1564 1455 1706 1491 melius
1745 1469 1866 1504 quam
1884 1468 1926 1489 20

556 1510 745 1547 inducere
778 1510 1092 1558 repugnanciam
1125 1510 1166 1547 in
1200 1513 1421 1549 doctorem.

616 1570 705 1613 Quo
745 1569 795 1604 ad
834 1568 1003 1604 tercium
1043 1577 1199 1615 testem,
1247 1569 1400 1606 scilicet
1437 1571 1660 1607 Johannem
1701 1573 1869 1608 Damas-

558 1639 716 1672 cenum‚
763 1626 825 1663 cui
865 1626 1089 1675 imponitur
1136 1629 1244 1676 quod
1283 1641 1365 1664 non
1403 1638 1584 1665 remanet
1624 1629 1740 1677 panis
1779 1639 1869 1678 post

558 1683 927 1731 consecracionem,
974 1685 1230 1721 manifestum
1276 1695 1333 1722 est
1378 1698 1422 1722 ex
1460 1686 1588 1732 dictis,
1634 1689 1742 1735 quod
1786 1688 1870 1735 ipse

558 1754 740 1790 expresse
785 1751 955 1779 testatur
992 1751 1172 1779 nostram
1220 1744 1481 1781 sentenciam.
1528 1745 1645 1781 Ponit
1684 1746 1788 1782 enim
1830 1746 1869 1782 in
1886 1748 1926 1780 25

558 1799 773 1836 sentenciis
818 1800 913 1846 suis,
958 1800 1062 1838 libro
1107 1800 1248 1848 tercio,
1296 1802 1473 1850 capitulo
1514 1803 1580 1850 84,
1626 1806 1773 1852 “quem
1819 1805 1869 1840 ad

557 1860 723 1894 modum
768 1858 809 1894 in
856 1858 1060 1907 baptismo
1106 1862 1362 1897 conswetudo
1403 1869 1461 1897 est
1506 1860 1717 1898 hominum
1764 1874 1868 1910 aqua

556 1916 681 1953 lavari
705 1925 742 1953 et
775 1916 864 1952 oleo
886 1917 994 1964 ungi,
1029 1917 1259 1965 coniugavit
1289 1918 1342 1954 eis
1376 1919 1471 1955 deus
1494 1918 1671 1967 graciam
1705 1919 1869 1967 spiritus

556 1974 700 2020 sancti,
747 1983 783 2011 et
823 1974 923 2011 secet
961 1974 1092 2023 ipsum
1131 1976 1337 2012 lavacrum
1375 1977 1752 2029 1regeneracionis3
1797 1977 2008 2025 sic,B114“

557 2032 650 2080 quia
674 2033 923 2069 consuetudo
948 2042 1004 2069 est
1026 2032 1236 2070 hominum
1254 2046 1398 2082 panem
1424 2036 1648 2082 comedere,
1672 2044 1709 2072 et
1731 2035 1867 2072 vinum
1884 2039 1926 2071 30

557 2099 593 2126 et
626 2103 771 2139 aquam
797 2090 946 2136 bibere,
981 2091 1209 2139 coniugavit
1240 2092 1335 2140 ipsis
1361 2094 1456 2129 deus
1490 2092 1549 2129 sui
1571 2093 1695 2141 ipsius
1728 2093 1870 2130 divini-

555 2156 680 2184 tatem
722 2157 759 2185 et
798 2148 891 2184 fecit
929 2148 1018 2197 ipsa
1057 2161 1202 2197 corpus
1241 2159 1278 2186 et
1316 2150 1559 2198 sangwinem
1588 2150 1594 2204 }
1622 2151 1683 2188 sui
1722 2151 2002 2200 ipsius:A107c

554 2215 596 2242 ut
628 2218 698 2254 per
731 2215 928 2243 consweta
961 2208 1179 2244 secundum
1214 2208 1389 2256 graciam
1415 2208 1600 2246 fiamus''.
1634 2211 1736 2246 Ecce
1759 2211 1867 2259 quod

553 2264 668 2312 panis
698 2264 776 2310 fiet,
811 2273 847 2301 et
875 2276 946 2313 per
981 2277 1228 2314 consequens
1256 2266 1343 2312 erit,
1384 2279 1529 2315 corpus
1557 2267 1718 2312 Christi,
1748 2277 1784 2305 et
1811 2268 1866 2304 sic

553 2335 634 2358 non
675 2323 902 2359 destruetur
939 2324 1006 2359 sed
1046 2323 1279 2371 perficietur
1316 2337 1387 2372 per
1427 2325 1696 2361 mutacionem
1730 2339 1867 2374 super-
1884 2327 1923 2361 35

551 2380 791 2417 naturalem.
825 2382 906 2417 Nec
938 2380 1052 2417 scivit
1076 2383 1219 2418 Scotus
1252 2391 1319 2418 aut
1343 2381 1410 2419 alii
1443 2382 1642 2431 capitanei
1665 2393 1864 2420 sectarum

552 2437 728 2475 invenire
776 2438 1050 2487 calumpniam
1095 2439 1135 2476 in
1186 2439 1261 2476 hiis
1306 2440 1438 2487 dictis,
1483 2440 1560 2477 nisi
1607 2441 1700 2489 quia
1752 2442 1866 2490 ponit

621 2582 648 2610 8.
669 2589 697 2611 et
716 2584 799 2611 deest
818 2584 882 2612 AB.
957 2593 985 2621 9,
1007 2593 1048 2612 10.
1070 2585 1099 2612 iu
1121 2590 1349 2613 sacramentum
1371 2585 1400 2613 in
1422 2587 1457 2614 C.

624 2677 676 2711 26.
706 2680 759 2711 Jo.
786 2680 946 2711 Damasc.
980 2680 1031 2711 De
1058 2681 1144 2712 Fide
1171 2680 1282 2720 Orth.,
1315 2681 1336 2713 l.
1364 2682 1419 2722 IV,
1454 2692 1482 2714 e.
1514 2683 1550 2716 13
1587 2683 1728 2724 (Migne‚
1761 2689 1783 2714 t.
1809 2693 1864 2725 94,

552 2735 585 2766 p.
617 2735 713 2766 1142,
740 2726 846 2757 series
873 2726 1029 2767 Graeca).
1068 2727 1114 2758 St.
1139 2727 1231 2759 John
1256 2728 1494 2760 Damascenus
1520 2738 1634 2760 seems
1660 2736 1694 2760 to
1724 2739 1863 2771 express

551 2771 695 2802 himself
721 2771 803 2803 here
836 2773 901 2803 and
936 2771 1125 2804 elsewhere
1163 2774 1197 2804 in
1234 2784 1252 2804 a
1291 2784 1434 2806 manner
1470 2774 1585 2806 which
1623 2785 1742 2816 agrees
1779 2775 1862 2806 with

552 2817 710 2859 Wyelif’s
734 2819 842 2855 view:
869 2819 934 2849 and
962 2820 1009 2850 St.
1028 2818 1195 2850 Thomas'
1220 2820 1439 2862 explanation
1465 2821 1505 2852 of
1527 2820 1584 2852 the
1609 2827 1679 2852 text
1705 2822 1863 2858 (Summa

551 2863 617 2895 Th.
638 2865 674 2897 23¹²
695 2865 786 2905 Pars,
806 2871 938 2906 quaest.
960 2866 1092 2906 LXXV,
1113 2872 1172 2897 art.
1193 2866 1233 2907 Π)
1262 2877 1407 2908 appears
1432 2874 1467 2898 to
1493 2867 1535 2899 be
1561 2867 1675 2899 rather
1700 2869 1862 2900 strained.
