2099 3347
268 266 346 302 230
998 271 1222 304 JOHANNIS
1249 271 1434 302 WYCLIF
1682 268 1770 296 CAP.
1794 270 1873 297 XVI.

557 379 713 417 faciatis
736 379 778 415 in
801 378 1069 427 prudencium
1093 378 1304 415 hominum
1328 377 1608 426 ignoranciam
1638 382 1677 414 1a
1693 380 1777 415 Pet.
1800 367 1913 425 11031·
1937 368 2025 399 Petr.

558 451 650 475 cum
684 437 879 486 dyabolus
912 436 962 473 sit
984 436 1134 473 divisus
1166 435 1206 472 in
1239 448 1293 482 se,
1328 437 1538 484 quomodo
1561 436 1683 473 stabit
1716 445 1876 474 senten-
1913 414 2010 454 11’15

323 504 377 531 Let
395 503 482 530 these
558 496 619 533 cia
659 495 742 533 eius
775 494 978 532 heretica?
1009 494 1206 531 Voluntas
1245 494 1382 543 itaque
1414 493 1477 530 dei
1517 502 1575 530 est
1606 502 1650 530 ut
1690 494 1876 543 discipuli

264 537 541 601 aslaedreaeffitbtehis
556 553 735 591 veritatis
780 553 991 601 diligenter
1034 552 1282 601 interrogent
1326 553 1376 589 ab
1417 551 1603 589 hereticis
1648 552 1876 590 antichristi

263 607 542 670 igbltwgffiiaitiwnndt
558 612 779 661 discipulis,
813 611 911 660 quid
934 610 984 647 sit
1016 619 1316 647 sacramentum
1341 610 1478 647 altaris
1501 610 1692 647 sentitum
1717 624 1739 648 a
1761 611 1876 648 nobis
1893 615 1909 647 5

293 664 495 723 'ideiitically
557 670 773 717 viantibus,
814 670 923 718 quod
962 681 1045 705 non
1084 677 1141 705 est
1180 668 1412 717 ydemptice
1452 681 1598 717 corpus
1631 668 1800 708 Christi:
1840 678 1878 707 et

265 711 542 792 ·TC1iler;rSinillsseci)rdliler
556 741 637 765 non
666 727 670 773 Ι
698 728 779 765 vidi
819 727 1057 773 hereticum,
1103 726 1201 775 quin
1234 727 1294 764 vel
1334 726 1522 763 confusus
1560 726 1778 774 obmutuit,
1816 728 1917 765 velA
1941 730 2017 764 115c

268 792 303 819 be
323 791 485 826 confused,
506 786 785 835 orignorando
824 798 964 822 vocem
1006 784 1215 833 propriam
1254 784 1295 821 in
1333 784 1576 821 fundacione
1615 784 1772 832 defecit,
1816 786 1878 823 vel

266 831 361 862 mute,
383 835 418 854 or
438 826 533 853 evade
974 842 981 848 .
1234 842 1241 848 .
1273 842 1281 849 .

288 861 338 888 the
359 861 513 897 question,
557 857 729 893 querens
762 843 1011 891 subterfugia
1043 844 1094 879 ad
1127 855 1311 880 convicia
1351 844 1573 879 secundum
1607 843 1760 880 scolam
1793 856 1877 880 ma-

265 905 300 923 0¹'
321 896 361 932 fly
381 900 411 923 t⁰
435 896 538 923 abuse.
556 901 665 951 gistri
700 901 900 939 mendacii
934 900 1214 948 declinaverit3
1249 909 1292 937 ut
1315 909 1508 948 querente
1531 900 1762 938 Christiano
1785 915 1878 950 pru·
1897 916 1936 937 10

558 963 710 1008 denter,
744 960 940 997 instanter
963 968 1000 996 et
1034 959 1241 995 humiliter
1264 958 1361 1007 quid
1392 959 1442 995 sit
1462 960 1540 995 hoc
1563 969 1876 1007 sacramentum,

557 1018 665 1055 circa
703 1019 812 1066 quod
857 1026 935 1054 stat
978 1017 1098 1054 hodie
1137 1017 1177 1053 in
1222 1016 1414 1065 apostatis
1452 1025 1588 1053 tantus
1628 1029 1753 1065 error,
1796 1031 1878 1055 non

557 1085 738 1125 superest
771 1075 846 1112 nisi
871 1075 1157 1112 benefaciendo
1186 1076 1376 1111 obturato
1401 1076 1476 1111 hoc
1509 1075 1745 1123 blasphemo
1769 1075 1878 1113 binio

558 1134 811 1172 adversarius
844 1135 1112 1172 obmutescat.
1155 1134 1359 1179 Queratur
1390 1134 1610 1169 secundum
1652 1134 1875 1171 doctrinam

558 1192 665 1229 Petri
688 1201 921 1230 constanter
938 1201 1104 1240 propter
1127 1192 1355 1228 habendam
1378 1191 1764 1239 obmutescenciam,
1781 1192 1878 1241 quid
1898 1194 1934 1227 15

558 1253 779 1287 secundum
803 1259 990 1287 naturam
1014 1263 1129 1287 suam
1148 1249 1198 1286 sit
1221 1251 1297 1286 hoc
1311 1249 1539 1287 venerabile
1562 1259 1876 1287 sacramentum.

284 1314 344 1342 We
364 1318 448 1355 must
468 1318 522 1353 th
616 1311 698 1346 Nec
730 1308 1020 1358 quiescendum
1065 1316 1122 1345 est
1159 1308 1200 1344 in
1232 1307 1494 1357 blasphemiis
1535 1308 1876 1355 balbuciencium,

269 1348 671 1419 ῠεξῐῗῑὲῖἓξῗονέζώςυοᾰ
703 1367 756 1404 ibi
798 1375 855 1403 est
888 1367 1031 1403 albedo
1071 1366 1155 1403 sine
1188 1366 1294 1413 albo,
1334 1366 1464 1414 figura
1496 1365 1580 1402 sine
1613 1366 1800 1414 figurato,
1840 1375 1878 1404 et

277 1420 387 1455 saying
405 1419 490 1446 what
508 1419 535 1446 is
556 1425 765 1473 quantitas
798 1425 884 1461 sine
908 1433 1074 1473 quanto.
1109 1426 1197 1461 Non
1225 1424 1330 1461 enim
1354 1424 1537 1472 queritur
1561 1424 1658 1472 quid
1682 1424 1736 1461 ibi
1759 1424 1878 1461 fuerit

267 1454 355 1482 there
362 1463 374 1488 ;
395 1462 442 1481 we
461 1458 545 1481 want

280 1493 317 1551 tiot
332 1489 528 1551 llgsnfflzfvtffgiqaet
561 1485 629 1520 sed
662 1483 760 1532 quid
792 1483 843 1520 sit
875 1484 953 1520 hoc
985 1482 1171 1520 sensibile
1204 1491 1504 1519 sacramentum
1540 1482 1581 1518 in
1614 1491 1759 1519 natura
1791 1496 1876 1519 sua.
1895 1495 1937 1517 20

283 1560 366 1594 who,
388 1558 535 1594 accusing
561 1544 609 1578 Et
641 1550 752 1591 patet
774 1554 895 1590 quarn
920 1539 1080 1589 spissim
1104 1542 1278 1578 cultores
1301 1540 1507 1589 signorum
1531 1549 1622 1577 sunt
1645 1540 1686 1577 in
1709 1541 1879 1578 materia

292 1593 520 1656 {sreolfmlffiffggss
562 1600 639 1637 ista
672 1599 860 1646 heretici;
900 1599 1050 1636 nedum
1085 1599 1181 1647 quia
1214 1599 1430 1647 imponunt
1469 1599 1641 1635 heresim
1681 1598 1877 1646 fidelibus,

562 1658 630 1707 qui
664 1658 866 1694 elucidant
903 1657 1022 1694 istam
1056 1657 1189 1704 fidem,
1230 1666 1267 1693 et
1305 1656 1517 1694 accusacio
1557 1658 1605 1693 de
1646 1657 1774 1694 heresi
1809 1658 1879 1694 ob-

562 1716 657 1764 ligat
691 1718 742 1753 ad
773 1728 920 1764 penam
960 1715 1135 1760 talionis,
1174 1728 1313 1752 verum
1347 1714 1443 1764 quia
1471 1711 1476 1767 Ι
1505 1715 1720 1752 falsificant
1752 1723 1790 1752 et
1822 1715 2019 1752 sicB121b

268 1779 443 1807 lfChrist’s
457 1779 545 1807 word
562 1783 710 1822 negant
743 1774 953 1811 dominum
982 1776 1117 1810 Jesum
1141 1773 1361 1810 Christum.
1394 1776 1497 1810 Nam
1530 1773 1654 1810 nichil
1687 1774 1878 1810 debemus
1896 1775 1935 1808 25

268 1814 547 1876 ggffggegogntossffi
562 1833 784 1869 secundum
825 1832 945 1868 fidem
980 1831 1186 1880 ewangelii
1227 1833 1275 1868 de
1309 1831 1470 1868 Christo
1511 1832 1686 1877 credere,
1733 1831 1765 1868 si
1797 1844 1879 1867 non

321 1883 419 1919 point,
442 1884 495 1911 but
561 1890 777 1927 asseruerit
809 1902 954 1938 panem
991 1902 1110 1938 quem
1146 1889 1252 1938 cepit
1284 1889 1325 1925 in
1359 1890 1544 1926 manibus
1577 1902 1623 1926 ac
1645 1889 1762 1938 fregit
1795 1902 1879 1926 esse

312 1918 501 1988 1⁰5322?,{‚3‚
561 1961 709 1997 corpus
742 1961 881 1995 suum3
922 1950 991 1985 sed
1025 1947 1122 1984 dicit
1154 1948 1402 1995 Augustinus
1441 1960 1561 1996 super
1594 1948 1769 1996 psalmo:
1814 1947 1880 1984 “Si

270 1988 342 2015 then
362 1988 448 2015 what
468 1988 544 2015 shall
740 2007 747 2013 .
977 2006 983 2013 .
1215 2006 1222 2012 .
1870 2005 1877 2011 .

293 2031 340 2050 we
361 2023 476 2050 believe
495 2023 527 2050 in
561 2019 634 2055 ego
682 2020 902 2055 qumquam
947 2008 1097 2052 dixero,
1141 2006 1267 2042 nolite
1307 2018 1350 2042 ex
1396 2007 1470 2042 hoc
1512 2007 1694 2053 credere;
1739 2007 1807 2042 sed
1848 2018 1880 2042 Sl

304 2057 386 2094 Holy
405 2056 509 2086 Writ?
562 2064 746 2101 Christus
780 2064 889 2112 dicit,
923 2077 968 2102 ve
1002 2064 1070 2113 qui
1094 2077 1175 2101 non
1209 2064 1335 2101 credit
1363 2066 1367 2106 Ι
1469 2066 1551 2100 Nec
1574 2065 1765 2100 debemus
1799 2067 2019 2101 cre-A115d

561 2125 653 2159 dere
687 2123 861 2171 aliquem
898 2135 1059 2160 sensum
1093 2122 1312 2171 ewangelii,
1346 2122 1378 2158 si
1411 2135 1492 2158 non
1523 2122 1657 2158 istum.
1695 2123 1802 2169 Ideo,
1834 2134 1880 2158 ve
1894 2126 1934 2158 X.

560 2180 818 2229 generacioni
860 2182 1041 2218 adultere
1088 2193 1164 2229 que
1204 2181 1293 2229 plus
1333 2180 1460 2216 credit
1496 2179 1728 2217 testimonio
1762 2181 1879 2216 Inno-

561 2239 688 2275 cencii
726 2240 788 2276 vel
828 2239 1071 2287 Raymundi,
1116 2251 1239 2287 quam
1280 2238 1415 2274 sensui
1454 2238 1659 2286 ewangelii
1698 2246 1816 2286 capto
1857 2251 1879 2274 a

560 2297 729 2333 testibus
761 2297 1024 2347 supradictis!
1059 2298 1167 2333 Idem
1202 2296 1308 2332 enim
1343 2304 1444 2332 esset
1467 2296 1738 2333 scandalisare
1771 2295 1879 2344 ipsos

560 2355 601 2391 in
639 2355 715 2392 isto
749 2365 786 2392 et
825 2356 1034 2403 imponere
1068 2355 1122 2391 eis
1162 2354 1333 2390 heresim
1369 2366 1412 2390 ex
1451 2354 1707 2402 perversione
1740 2366 1879 2390 sensus
1896 2356 1936 2390 35

287 2417 369 2445 Woe
389 2420 420 2444 t0
440 2416 529 2443 those
560 2413 757 2461 scripture
790 2413 994 2462 precipue.
1035 2414 1083 2448 Et
1118 2413 1264 2449 iterum
1297 2425 1343 2449 ve
1381 2412 1442 2448 ori
1474 2424 1662 2460 perverso
1696 2420 1878 2460 apostate

270 2451 547 2522 wllixgsagsstgrpipffge
560 2471 853 2508 accumulantis
886 2484 1007 2520 super
1040 2470 1250 2507 ecclesiam
1275 2472 1499 2507 Romanam
1533 2470 1755 2517 mendacia,
1790 2470 1878 2518 qui—

318 2521 443 2549 Church
463 2521 497 2548 of
560 2530 632 2565 bus
666 2529 782 2577 fingit
815 2531 925 2578 quod
959 2529 1128 2565 ecclesia
1160 2528 1362 2577 posterior
1395 2527 1521 2576 priori
1556 2527 1759 2564 contraria
1792 2540 1879 2564 cor-

280 2558 387 2591 Rome,
408 2556 534 2592 making

283 2591 529 2654 hegessofrgtrrffiirct
559 2587 657 2623 rexit
691 2587 825 2635 fidem,
866 2589 976 2636 quod
1009 2595 1308 2624 sacramentum
1349 2586 1455 2623 istud
1488 2586 1538 2622 sit
1577 2585 1762 2623 accidens
1795 2585 1878 2622 sine

342 2661 480 2689 decreesl

629 2728 654 2749 2.
677 2721 708 2748 fit
729 2720 817 2748 ssCD.
880 2729 906 2757 7.
928 2720 1053 2756 quando
1074 2719 1108 2748 C.
1171 2728 1211 2748 10.
1234 2720 1399 2748 declinavit
1419 2720 1457 2748 A.
1519 2719 1558 2748 31.
1581 2727 1705 2747 sensum
1727 2728 1794 2748 esse
1814 2719 1878 2748 CD.

633 2805 685 2837 33.
717 2805 904 2847 Raymund
932 2805 974 2836 de
1000 2804 1198 2846 Pegnafort,
1224 2804 1364 2847 general
1389 2803 1429 2835 of
1450 2803 1508 2835 the
1533 2804 1769 2844 Dominicans,
1796 2803 1877 2836 who

562 2851 711 2882 inserted
739 2851 773 2882 in
798 2850 853 2882 his
879 2850 1061 2882 collection
1086 2850 1125 2882 of
1146 2850 1205 2882 the
1232 2851 1425 2893 Gregorian
1451 2849 1628 2882 Decretals
1653 2849 1711 2881 the
1737 2849 1879 2893 chapter

561 2897 673 2928 “Cum
701 2896 881 2935 Mai-the''‚
907 2897 946 2928 of
968 2896 1083 2929 which
1111 2897 1243 2940 Wyclif
1265 2897 1350 2929 does
1377 2903 1437 2928 not
1463 2906 1629 2940 approve.
