2099 3347
102 532 224 560 A112'*

186 887 224 908 10

127 1364 212 1396 Luc.

122 1410 161 1451 II,
182 1410 222 1443 35

181 1466 223 1488 20

183 1747 222 1780 25

100 1978 225 2012 Auzb

100 2037 225 2070 B118b

239 242 330 270 CAP·
349 240 431 269 XVI·
722 242 781 273 DE
809 241 1077 273 APOSTASIA.
1764 240 1839 266 221

240 349 572 396 substancialiter,
618 348 882 397 corporaliter
919 348 1068 384 ibidem
1115 356 1152 383 et
1196 345 1555 392 dimensionaliter,
1604 353 1651 380 As
1673 352 1805 380 Christ's

891 406 898 412 .
1608 388 1691 424 body
1710 387 1736 415 is
1757 388 1808 415 the

240 410 482 446 attendendo
516 409 565 444 ad
599 408 763 443 modum
798 407 925 443 hostie
958 406 1178 442 secundum
1211 413 1397 441 naturam
1427 417 1554 450 suam,
1619 423 1707 456 Host,
1729 422 1751 450 it
1771 423 1796 449 is

240 476 277 504 et
300 479 383 503 non
416 466 660 503 attendendo
693 466 742 501 ad
775 477 921 512 corpus
945 463 1092 501 Christi
1125 464 1346 499 secundum
1369 471 1557 498 naturam
1581 458 1835 529 cffiggtffigaggh

240 537 367 571 suam,
401 532 444 560 ut
468 523 621 560 dictum
655 531 712 559 est
743 522 939 570 superius.
975 524 1023 558 Et
1055 521 1108 558 ita
1137 517 1141 574 Ι
1171 520 1403 557 conceditur
1435 521 1555 568 quod,
1590 528 1829 567 dimensionally

240 582 341 619 sicut
385 594 528 630 corpus
574 580 721 618 Christi
768 589 825 616 est
869 579 1099 616 substancia
1150 591 1341 627 corporea
1387 578 1427 614 in
1471 578 1558 626 ipsa
1602 563 1820 625 atcfigrfiffsgpsto

240 640 385 687 hostia,
425 640 481 676 sic
514 639 582 675 illo
614 638 739 675 tercio
773 640 894 675 modo
930 646 988 674 est
1019 637 1059 673 in
1090 637 1159 673 illa
1192 637 1335 683 hostia,
1375 637 1444 672 sed
1476 648 1558 672 non
1631 632 1784 695 gffigngg

239 700 462 735 secundum
496 696 700 733 racionem
724 709 803 745 qua
837 705 893 733 est
926 708 1069 744 corpus
1103 695 1262 732 Christi.
1298 696 1346 730 Et
1377 694 1432 731 ita
1465 706 1558 730 con·
1648 701 1690 730 So
1710 702 1800 742 itis·

240 757 395 793 ceditur
433 757 541 804 quod
581 767 726 803 corpus
767 754 914 792 Christi
953 763 1010 790 est
1043 762 1404 802 quantumcunque
1450 751 1558 789 varie
1597 738 1832 806 ᾖξ’ζῖῗζζᾞὺᾞῑ

240 814 546 863 quantificatum
591 812 659 859 ibi,
714 826 805 849 cum
850 812 899 849 sit
938 811 1114 860 quelibet
1157 824 1249 860 pars
1295 809 1559 859 quantitativa
1575 807 1847 870 ”thffighsist'ss

239 872 345 909 illius
383 871 529 917 hostie3
569 879 606 907 et
643 880 779 908 tamen
816 884 897 907 non
936 869 1223 919 quantificatur
1254 869 1391 917 aliqua
1423 867 1559 905 huius·
1732 851 1760 878 y.

241 930 350 967 modi
382 929 618 978 quantitate.
662 931 711 965 Et
753 928 809 966 sic
853 938 911 965 est
948 928 1055 966 varie
1094 940 1287 976 magnum
1320 927 1361 963 in
1394 925 1558 963 diversis

238 988 418 1037 partibus
440 987 544 1024 illius
577 986 718 1033 hostie,
752 989 820 1024 sed
852 1000 934 1024 non
965 987 1005 1023 in
1037 999 1078 1023 se
1109 985 1334 1023 formaliter
1367 997 1558 1033 magnum

239 1047 376 1094 aliqua
407 1045 476 1083 tali
508 1044 798 1093 magnitudine.

297 1105 375 1141 Sed
417 1103 585 1141 ulterius
629 1105 856 1140 notandum
902 1104 1011 1152 quod
1055 1115 1202 1151 magna
1246 1101 1454 1138 diversitas
1502 1109 1559 1137 est
1599 1102 1818 1138 Divergencies

238 1161 279 1198 in
322 1162 411 1199 loco
456 1175 479 1198 a
521 1160 766 1208 testimonio,
820 1174 911 1198 cum
964 1160 1131 1210 quilibet
1176 1160 1338 1197 illorum
1384 1168 1558 1208 quatuor
1619 1138 1803 1199 agipgtgltslie

239 1233 478 1268 magnorum
495 1221 706 1257 doctorum
728 1219 899 1256 valuerit
922 1219 1030 1255 mille
1054 1220 1101 1256 de
1125 1217 1351 1255 millenario
1374 1216 1557 1265 sequenti

238 1277 279 1314 in
323 1278 491 1315 materia
534 1277 639 1314 fidei.
685 1277 869 1315 Obicitur
907 1286 1044 1314 tamen
1083 1278 1193 1326 quod
1231 1275 1307 1325 ipsi
1350 1275 1557 1312 variarunt
1582 1277 1667 1306 Even
1684 1277 1738 1325 the
1758 1278 1841 1314 early

239 1335 514 1385 multipliciter
556 1335 598 1372 in
637 1336 889 1384 exposicione
928 1335 1137 1384 scripture,
1177 1344 1219 1371 ut
1256 1342 1366 1383 patet
1405 1346 1448 1370 ex
1491 1333 1559 1370 illo
1580 1312 1844 1383 Fathgigsreqonot

240 1396 334 1431 Luc.
369 1397 437 1431 110.
476 1396 636 1431 “Tuam
679 1394 804 1443 ipsius
844 1393 1023 1431 animam
1062 1392 1323 1442 pertransibit
1359 1391 1557 1440 gladius,’'

238 1452 306 1488 ubi
350 1451 475 1501 aliqui
512 1452 698 1489 videntur
737 1452 881 1499 dicere,
928 1453 1037 1501 quod
1078 1453 1195 1488 beata
1239 1450 1349 1498 virgo
1396 1449 1472 1486 fuit
1517 1449 1558 1485 in

238 1510 374 1547 triduo
407 1522 597 1559 percussa
630 1510 764 1558 gladio
796 1509 1065 1547 infidelitatis:
1101 1518 1138 1546 et
1160 1508 1228 1546 alii
1258 1507 1556 1545 contradicunt.

239 1569 316 1605 Sed
359 1581 433 1617 pro
476 1568 551 1605 isto
594 1570 820 1605 notandum
872 1569 981 1617 quod
1034 1567 1164 1604 sancti
1216 1566 1369 1615 aliquid
1421 1565 1559 1602 dicunt
1600 1569 1659 1596 But
1677 1569 1748 1605 they
1768 1576 1819 1608 are

239 1626 441 1675 opinative
492 1626 573 1664 sive
623 1626 900 1674 probabiliter,
954 1635 991 1663 et
1041 1625 1150 1662 aliud
1203 1633 1385 1662 asserunt
1436 1604 1852 1674 ευρῑεῗὲςξὲῗῑᾞῖῖἒξᾏῇἷ

238 1684 472 1733 opinionem
516 1693 712 1733 tanquam
758 1685 892 1721 fidem.
938 1686 981 1720 In
1019 1683 1165 1721 talibus
1203 1692 1337 1720 autem
1376 1681 1558 1719 sensibus
1573 1675 1663 1701 when
1683 1673 1847 1709 Scripture

240 1742 533 1791 scripturarum
567 1742 765 1790 ambiguis
798 1751 1016 1779 tenuerunt
1046 1754 1087 1779 se
1119 1741 1159 1778 in
1191 1740 1323 1790 specie
1355 1739 1557 1789 opinionis
1596 1709 1833 1774 'l'shilsoivsslriilbf

239 1800 447 1850 quodlibet
483 1801 627 1837 facere.
673 1802 752 1837 Sed
789 1814 882 1850 sepe
922 1800 1087 1848 contigit
1124 1799 1166 1836 in
1198 1800 1274 1836 hoc
1306 1798 1559 1847 culpabiliter
1573 1779 1849 1842 Egsstessssffiffiuffls

240 1859 424 1906 deficere,
464 1871 555 1895 cum
593 1858 634 1895 in
670 1871 817 1907 penam
849 1858 1004 1908 peccati
1039 1867 1169 1907 potest
1201 1857 1372 1894 deficere
1410 1856 1558 1893 sanctis

239 1916 402 1965 spiritus
436 1916 606 1963 consilii,
639 1918 749 1965 quod
779 1917 897 1965 longe
930 1916 1110 1953 crebrius
1141 1914 1336 1963 contingit
1360 1914 1488 1951 eciam
1511 1915 1559 1950 de

240 1974 357 2012 sectis
400 1974 442 2012 in
486 1974 711 2012 millenario
747 1970 751 2028 1
790 1974 988 2012 mendacii
1027 1987 1149 2024 quam
1189 1973 1354 2022 contigit
1391 1974 1439 2009 de
1476 1972 1559 2009 istis

241 2032 487 2071 doctoribus.
521 2034 614 2069 Ideo
647 2033 766 2081 longe
794 2029 799 2085 Ι
828 2033 960 2070 minus
994 2033 1238 2069 credendum
1263 2040 1321 2069 est
1341 2031 1432 2078 illis,
1468 2043 1559 2067 cum

240 2090 319 2127 sint
360 2100 443 2127 tam
488 2092 628 2128 crebro
674 2091 864 2128 contrarii
908 2090 981 2128 sibi
1021 2090 1132 2139 ipsis.
1175 2090 1321 2127 Tercio
1367 2088 1562 2137 contingit
1590 2093 1633 2120 At
1653 2091 1743 2119 times
1763 2090 1835 2126 they

241 2157 402 2186 sanctos
435 2148 688 2198 equivocare,
721 2148 824 2186 sicut
856 2149 1143 2198 equivocamus
1177 2147 1445 2186 communiter
1474 2146 1562 2184 viva
1578 2126 1852 2197 scssissffirrsstjffiniiwo

240 2220 350 2244 voce.
403 2209 467 2254 Ut,
520 2207 768 2244 “multitudo
821 2207 1106 2244 credencium''
1161 2206 1273 2243 cuius
1328 2208 1442 2242 “erat
1493 2217 1562 2241 cor
1584 2196 1842 2260 “ssssZesbssligxilesfs

240 2278 368 2302 unum
392 2274 429 2302 et
452 2265 589 2302 anima
610 2266 733 2312 una⁷’‚
767 2274 897 2314 potest
920 2265 998 2302 dici
1031 2266 1178 2302 habere
1211 2264 1389 2301 animam
1421 2275 1560 2310 unam,
1583 2275 1663 2294 were
1683 2274 1743 2294 one
1761 2265 1851 2316 Ιῑεαζξ

242 2336 320 2372 que
351 2322 401 2360 sit
432 2332 516 2360 tam
540 2322 687 2360 Christi
719 2336 842 2372 quarn
874 2323 1011 2369 Marie,
1047 2332 1084 2360 et
1116 2323 1226 2359 illam
1265 2322 1443 2359 animam
1474 2334 1563 2369 per·
1586 2302 1645 2329 and
1659 2309 1726 2363 ἐξ
1738 2301 1824 2363 ἔὲ)”1’

241 2381 423 2418 transivit
444 2381 599 2429 gladius
631 2380 880 2418 infidelitatis
912 2383 1134 2418 secundum
1166 2389 1322 2429 partem
1351 2380 1393 2416 in
1413 2378 1561 2426 triduo,
1618 2370 1810 2441 Ῑὲῗξξξξῐξῇῗῖἀ

242 2440 334 2476 licet
376 2441 492 2477 beata
533 2439 644 2487 virgo
686 2448 782 2476 tunc
819 2438 861 2475 in
897 2452 938 2476 se
976 2438 1192 2476 servaverit
1231 2438 1351 2475 fidem
1398 2437 1562 2474 ecclesie

243 2497 327 2534 sine
360 2499 478 2546 culpa
511 2506 548 2534 et
578 2497 642 2546 pie
675 2497 916 2534 dubitaverit
947 2499 994 2534 de
1026 2497 1282 2546 quibusdam.

303 2555 420 2592 Circa
452 2555 582 2604 ipsam
616 2554 793 2603 quidem,
828 2567 905 2604 que
928 2564 1093 2592 cunctas
1117 2556 1274 2592 hereses
1307 2552 1564 2602 singulariter
1577 2557 1853 2628 quesiigiigsrsaised

184 2627 229 2658 40
245 2613 439 2650 destruxit
476 2622 569 2650 sunt
613 2612 897 2650 contenciones
941 2621 1143 2650 sectarum
1182 2612 1356 2658 inutiles,
1401 2620 1445 2647 ut
1483 2623 1564 2647 una
1639 2635 1672 2654 as
1692 2631 1723 2654 to
1744 2626 1796 2654 the

1648 2661 1774 2689 Blessed

1638 2696 1789 2731 Virgin's,

1614 2730 1818 2766 Conception,

313 2770 338 2799 5.
358 2774 404 2798 est
425 2771 511 2799 deest
525 2770 591 2798 AB.
691 2770 719 2798 6.
741 2774 787 2798 est
806 2769 893 2798 deest
911 2769 975 2798 CD.
1073 2768 1100 2797 8.
1122 2773 1167 2797 est
1187 2769 1275 2797 deest
1291 2769 1324 2796 B.
1422 2777 1457 2797 11.
1479 2769 1564 2796 modi
1620 2766 1815 2801 sinlessness,

246 2805 332 2832 deest
350 2804 414 2833 CD.
512 2804 550 2833 13.
571 2805 630 2833 alia
649 2805 687 2833 D.
787 2804 824 2833 15.
869 2809 981 2832 uatuor
999 2803 1087 2831 deest
1104 2804 1195 2832 BCD.
1293 2804 1335 2832 16.
1357 2804 1453 2831 valuit
1473 2803 1563 2831 BCD.
1689 2800 1746 2829 ἃς.

247 2847 289 2873 19.
311 2840 513 2875 pertransivit
530 2840 599 2868 AD.
678 2848 719 2867 21.
740 2844 847 2867 contra
873 2840 955 2867 icant
973 2840 1012 2866 A.
1093 2846 1138 2866 22.
1159 2838 1254 2874 aliqui
1274 2838 1338 2867 CD.
1411 2840 1458 2866 20.
1480 2838 1563 2874 quod

248 2875 317 2902 licet
337 2875 408 2911 CD;
430 2875 467 2903 ib.
489 2875 640 2911 contingit
660 2874 724 2902 CD.
