2099 3347
326 699 391 726 The
412 697 527 729 Friars,

291 738 318 761 at
337 733 413 760 least
430 733 465 768 by
487 732 564 759 their

292 773 364 802 acts,
381 772 476 794 assei-t
492 768 555 794 that

304 804 324 829 it
346 804 371 829 is
394 803 487 828 better
508 802 555 829 sor

306 839 356 864 ilie
377 837 500 864 Churcll
521 841 552 863 to

391 872 466 898 have

328 906 533 941 possession&

320 1102 397 1130 This
420 1102 537 1137 hercsy,

296 1142 439 1172 contrary
459 1141 489 1163 to
510 1136 559 1162 the

312 1172 456 1206 ordinary
478 1179 545 1204 run,

294 1207 379 1233 takes
394 1214 433 1232 no
448 1206 566 1233 trouble

358 1247 388 1268 to
409 1244 500 1276 quote

319 1275 476 1310 Scripture
496 1275 544 1302 sor

381 1310 480 1343 itself;

305 1400 333 1419 v.
354 1399 381 1426 g.
404 1399 436 1418 as
456 1395 486 1417 to
507 1390 556 1417 the

372 1430 493 1464 present

356 1465 508 1496 question.

314 1519 367 1546 Yet
387 1519 424 1546 all
446 1518 550 1553 things

310 1554 344 1581 of
361 1554 435 1581 saith
457 1561 507 1580 are
527 1553 556 1579 in

320 1589 497 1623 Scripture;
518 1587 542 1614 if

346 1628 377 1650 ot
398 1623 546 1656 revealed‚

360 1658 427 1685 God
449 1662 512 1684 acts

317 1693 450 1728 nnjustly
471 1692 557 1718 when

313 1729 357 1756 Hc
378 1728 455 1755 wills
475 1727 556 1753 them

393 1767 423 1789 to
445 1762 479 1788 be

311 1797 444 1825 believed
467 1796 564 1823 under

376 1832 445 1867 pain
467 1831 501 1858 of

340 1865 529 1894 damnation.

329 2098 416 2133 They
438 2096 541 2132 reply:

326 2133 385 2160 this
405 2131 544 2171 opinion,

331 2167 398 2194 held
419 2168 466 2193 lor
486 2173 543 2193 200

313 2210 411 2238 years,
432 2201 457 2228 is
478 2205 560 2234 true3

310 2245 355 2263 we
376 2240 483 2263 retort:
505 2235 554 2262 tlie

307 2271 394 2298 other
414 2279 477 2297 was
497 2270 564 2297 held

307 2307 354 2334 for
376 2313 446 2333 1000
466 2313 565 2341 years.

327 2341 427 2367 Never
448 2340 550 2366 before

313 2383 377 2402 was
397 2374 555 2409 Scripture

344 2408 531 2436 understood

398 2445 479 2471 thus.

1008 236 1231 269 JOHANNIS
1257 235 1442 267 WYCLIF
1720 230 1808 258 CAP.
1829 230 1880 258 Xl.

576 344 694 381 nimis
728 343 794 380 diu
829 343 995 380 ccclesia
1040 342 1147 379 stetit
1192 342 1230 377 in
1265 354 1420 377 errore:
1467 353 1545 388 quo
1580 352 1783 384 concesso,
1832 338 1881 374 ri-

578 404 770 439 mandum
806 402 860 438 eis
895 409 1010 446 esset,
1058 401 1265 449 quomodo
1299 408 1336 435 et
1370 399 1531 446 quando
1564 397 1636 433 fuit
1669 410 1779 433 error
1811 396 1883 432 iste

577 460 617 496 in
661 459 871 496 ecclesiam
916 458 1190 503 introductus3
1244 465 1293 503 et,
1338 456 1370 492 si
1413 468 1495 492 non
1538 455 1667 501 fallor,
1721 455 1883 503 quando

576 518 717 554 fratres
761 517 931 553 tacendo
974 525 1011 553 et
1054 516 1256 564 loquendo
1305 513 1573 550 docmatisant
1617 514 1726 560 quod
1771 524 1884 560 expe-

578 575 705 612 dicius
738 576 839 611 foret
873 573 1037 610 ecclesie
1070 573 1125 610 sic
1159 572 1303 617 dotari,
1350 584 1470 620 quam
1504 571 1633 607 vivere
1665 572 1918 618 pauperem5

578 634 700 670 vitam
725 632 1079 680 exproprietariam
1105 644 1224 679 quam
1251 630 1432 666 Christus
1456 628 1647 674 instituit3
1682 628 1756 676 ipsi
1780 627 1884 664 enim

577 691 720 737 verbis,
744 690 1041 736 omissionibus,
1061 688 1433 737 procuracionibus,
1459 696 1495 723 et
1518 685 1886 735 apostatacionibus

578 749 794 797 aspirando
827 749 877 784 ad
910 747 1163 784 altitudinem
1210 755 1336 783 status
1380 744 1638 793 proprietarii
1678 742 1884 787 mundani,

580 807 716 843 dicunt
750 806 790 842 in
822 806 939 851 facto,
974 805 1065 841 licet
1097 804 1172 841 sibi
1205 804 1300 852 ipsis
1335 803 1549 849 contrarie,
1596 803 1703 851 quod
1738 801 1886 849 perfec-

579 864 661 901 cius
694 873 730 901 et
763 863 985 911 religiosius
1018 862 1072 899 eis
1104 863 1205 898 foret
1237 862 1277 898 in
1301 860 1579 897 dotacionibus
1601 858 1884 908 temporalium
1909 871 1946 892 10

580 923 828 959 habundare.
875 922 989 957 Unde
1022 920 1063 956 in
1095 920 1185 956 altis
1219 919 1546 956 edificacionibus
1591 926 1629 954 et
1672 929 1740 953 sue
1785 925 1889 953 secte

580 978 998 1028 appropriacionibus,
1044 978 1183 1014 dicunt
1225 977 1266 1013 in
1310 977 1415 1013 facto
1462 976 1579 1012 istam
1624 974 1887 1022 irreligiosam

580 1038 821 1084 versuciam,
867 1036 922 1073 ita
967 1038 1075 1085 quod
1120 1037 1192 1072 hec
1226 1035 1375 1072 heresis
1408 1034 1550 1071 alludit
1582 1042 1625 1069 ut
1659 1032 1747 1069 finis
1779 1032 1889 1069 omni

583 1095 720 1132 errori.
755 1097 845 1131 Non
880 1094 985 1131 enim
1018 1094 1094 1142 legi
1129 1095 1176 1129 de
1209 1093 1337 1129 heresi
1371 1091 1602 1138 Christiani,
1642 1090 1736 1139 quin
1770 1103 1891 1138 appa-

583 1162 714 1190 renter
758 1153 898 1189 fundat
942 1165 982 1188 se
1026 1164 1146 1200 super
1191 1151 1391 1199 scriptura
1420 1148 1424 1203 Ι
1453 1162 1580 1186 sacra.
1627 1150 1710 1185 Hec
1755 1157 1888 1185 autem
1907 1153 1935 1183 A
1954 1150 2013 1193 87⁵

582 1211 730 1248 heresis
763 1220 957 1259 tanquam
1004 1210 1104 1246 alter
1149 1210 1245 1245 deus
1278 1221 1359 1244 non
1391 1207 1490 1256 petit
1523 1206 1807 1243 fundacionem
1837 1206 1841 1255 1
1871 1210 1936 1242 al}
1953 1206 2012 1252 94⁴

582 1271 656 1305 deo
689 1270 808 1315 bono,
843 1277 880 1305 et
904 1276 1014 1316 patet
1038 1267 1221 1303 fidelibus
1245 1267 1464 1303 notorietas
1488 1265 1657 1305 heresis:
1690 1277 1782 1300 nam
1807 1276 1893 1300 om-

581 1327 641 1363 nis
673 1327 832 1371 veritas,
879 1335 917 1362 et
950 1325 1138 1373 precipue
1170 1324 1329 1361 articuli
1363 1324 1454 1360 fidei
1501 1323 1709 1369 catholice,
1754 1331 1810 1358 est
1854 1321 1894 1357 in

583 1385 796 1433 scriptura.
846 1385 924 1420 Sed
958 1384 1032 1420 ista
1065 1383 1267 1419 sentencia
1312 1384 1358 1418 de
1393 1381 1618 1430 quidditate
1651 1378 1893 1416 sacramenti

583 1456 663 1479 non
697 1451 753 1479 est
785 1442 826 1478 in
859 1441 1077 1489 scriptura:
1111 1440 1231 1489 igitur
1264 1439 1485 1477 conclusio.
1519 1438 1649 1475 Maior
1681 1446 1791 1486 patet
1823 1449 1894 1484 per
1911 1450 1952 1471 20

583 1503 746 1537 beatum
769 1500 1053 1547 Augustinum,
1087 1500 1265 1535 secundo
1298 1499 1386 1534 “De
1419 1497 1596 1533 doctrina
1635 1491 1893 1541 Christiand,
1910 1499 1943 1529 S.

583 1559 622 1594 in
655 1558 751 1603 fine3
798 1566 835 1594 et
874 1557 1138 1594 confirmatur
1176 1569 1247 1605 per
1288 1557 1363 1592 hoc
1396 1556 1504 1603 quod
1537 1554 1653 1591 aliter
1685 1553 1894 1601 inponeret

585 1618 672 1661 deo,
707 1615 819 1652 cuius
851 1616 1027 1663 perfecta
1060 1623 1152 1651 sunt
1183 1627 1319 1662 opera,
1366 1612 1615 1650 blasfemiam
1660 1612 1768 1659 quod
1812 1610 1896 1659 ipse

586 1674 829 1721 incomplete
863 1672 1005 1710 celavit
1039 1673 1157 1709 fidem
1206 1685 1326 1721 quam
1371 1671 1495 1708 voluit
1539 1682 1630 1706 suos
1677 1671 1748 1705 sub
1794 1681 1897 1716 pena

587 1731 893 1779 dampnacionis
928 1732 1101 1768 credere.
1134 1732 1249 1767 Unde
1282 1728 1513 1774 adversarii,
1548 1729 1598 1764 ad
1622 1728 1896 1763 evacuandum
1914 1729 1954 1761 25

586 1789 703 1826 istam
737 1788 1003 1835 blasfemiam,
1037 1788 1174 1824 dicunt
1207 1789 1316 1837 quod
1358 1786 1570 1835 utrobique
1610 1784 1808 1833 scriptura
1840 1784 1898 1819 in-

585 1847 727 1895 telligit
759 1859 829 1895 per
860 1859 1006 1894 panem
1039 1846 1372 1883 sacramentalem
1397 1844 1581 1881 accidens
1603 1842 1686 1880 sine
1708 1842 1898 1887 subiecto,

588 1914 625 1941 et
656 1904 712 1941 sic
745 1904 918 1941 heretice
950 1904 1207 1940 accumulant
1230 1903 1399 1940 heresim
1424 1915 1542 1951 super
1566 1902 1748 1939 heresim.
1783 1903 1898 1944 Nam,

587 1972 630 1999 ut
662 1962 738 2011 ipsi
771 1971 958 2010 arguunt,
1003 1974 1074 2009 per
1117 1961 1213 1998 istos
1246 1963 1441 1997 ducentos
1474 1973 1599 1997 annos
1632 1958 1899 2009 perseveravit

588 2020 663 2057 ista
696 2020 899 2057 sentencia
942 2020 983 2055 in
1028 2019 1184 2067 magnis
1228 2019 1476 2065 doctoribus,
1522 2018 1643 2067 igitur
1686 2030 1799 2062 vera;
1844 2015 1899 2052 sic
1917 2019 1958 2051 30

590 2078 817 2115 evidencius
850 2078 1050 2126 arguitur:
1091 2090 1161 2125 per
1194 2077 1300 2113 mille
1333 2090 1460 2114 annos
1494 2085 1531 2112 et
1563 2076 1737 2124 amplius
1769 2086 1899 2122 perse-

588 2136 737 2173 veravit
769 2144 908 2173 nostra
941 2135 1144 2172 sentencia
1177 2135 1217 2171 in
1241 2135 1460 2172 maioribus
1484 2134 1714 2170 doctoribus
1737 2133 1899 2181 quando

589 2193 769 2231 Christus
802 2195 890 2242 plus
924 2193 1165 2229 illuminavit
1210 2206 1322 2230 suam
1373 2192 1596 2238 ecclesiam,
1642 2191 1763 2240 igitur
1793 2202 1897 2227 vera.

587 2254 791 2300 Nusquam
840 2251 945 2288 enim
991 2251 1189 2288 invenitur
1228 2259 1387 2287 sanctos
1420 2250 1474 2287 sic
1511 2262 1705 2298 exponere
1744 2260 1897 2285 sacram

588 2309 828 2357 scripturam
852 2311 901 2346 ad
925 2321 1083 2345 sensum
1110 2308 1372 2345 contrarium.
1397 2310 1445 2344 Et
1469 2307 1673 2344 evidencia
1696 2315 1769 2353 est,
1792 2306 1898 2354 quod
1918 2308 1956 2340 35

589 2380 669 2403 non
703 2368 850 2404 habent
882 2379 1042 2403 sensum
1077 2380 1193 2403 suum
1229 2379 1273 2402 ex
1306 2368 1395 2413 deo,
1441 2378 1487 2402 eo
1534 2367 1642 2414 quod
1686 2377 1766 2401 non
1810 2373 1900 2399 sunt

588 2425 812 2471 unicordes,
847 2434 889 2461 ut
922 2438 1024 2461 unus
1048 2424 1208 2472 exponit
1232 2436 1379 2460 nomen
1402 2423 1516 2472 panis
1540 2435 1609 2471 per
1631 2436 1755 2459 unum
1779 2434 1900 2470 genus

589 2483 805 2519 accidentis
829 2492 866 2519 et
888 2483 988 2519 alius
1011 2495 1081 2530 per
1103 2482 1232 2522 aliud:
1266 2481 1412 2518 tercius
1436 2490 1566 2518 autem
1594 2479 1899 2524 monstruosius,

588 2553 658 2588 per
690 2540 995 2588 agregacionem
1028 2539 1269 2585 accidentis3
1316 2548 1353 2576 et
1401 2539 1473 2576 iste
1513 2540 1668 2575 hereses
1701 2550 1783 2574 non
1815 2537 1899 2573 fun-

658 2684 682 2712 3.
705 2684 787 2720 qnod
809 2684 872 2712 CD.
929 2692 955 2718 7.
977 2689 1004 2711 et
1024 2684 1309 2719 apostatacionibus
1331 2684 1416 2711 deest
1433 2683 1497 2711 AB.
1555 2691 1592 2710 12.
1614 2683 1787 2717 religiosam
1811 2682 1899 2709 Bell.

589 2728 628 2747 21.
651 2719 786 2747 secundo
807 2720 891 2746 deest
911 2718 999 2747 BCl).
1072 2718 1117 2746 38.
1139 2719 1220 2746 alind
1243 2718 1306 2746 CD.

661 2812 714 2844 24.
744 2802 881 2835 Celavz’t
909 2802 936 2833 is
961 2801 1146 2844 obviously
1174 2812 1191 2832 a
1219 2801 1382 2840 mistake;
1415 2801 1476 2832 but
1510 2801 1679 2833 revelavit
1713 2800 1740 2831 is
1765 2806 1824 2832 too
1851 2799 1901 2831 far

591 2848 678 2880 from
705 2847 762 2879 the
790 2848 891 2880 form.
919 2848 1071 2890 Perhaps
1099 2859 1151 2879 we
1178 2847 1305 2879 should
1333 2848 1414 2878 read
1442 2848 1613 2889 complele
1639 2847 1777 2879 celavit.
