2099 3347
255 219 338 264 254
777 223 1002 257 JOHANNIS
1027 224 1213 258 WYCLIF
1238 226 1299 259 DE
1326 227 1593 261 APOSTASIA.
1650 225 1742 254 CAP·
1762 226 1857 254 XVII·

269 339 512 368 conclusion:a
543 328 585 365 in
633 329 798 377 populo.
854 330 903 366 Et
952 330 1124 367 cultores
1174 329 1379 379 signorum
1430 330 1695 380 iuxtaponant
1744 345 1857 369 suam

254 371 803 445 Cgfflffissffgsssffissesentenciam,
849 388 958 436 quod
1009 396 1306 425 sacramentum
1360 388 1492 437 ipsum
1545 389 1594 426 sit
1646 390 1858 438 agregacio

257 441 479 506 ἀοὲἓΐίῗι-εᾙξῖῗ
494 475 529 502 be
544 443 818 482 accideneium
852 444 936 482 sine
968 445 1201 482 substancia
1234 445 1433 483 subiecta:
1474 449 1580 483 Deus
1618 456 1752 484 autem
1791 448 1859 496 qui

272 511 433 549 published
464 511 504 538 tet
544 502 707 540 donavit
746 503 822 540 hoc
860 504 1010 539 donum
1050 503 1209 550 noticie,
1250 512 1288 540 et
1316 500 1320 557 Ι
1349 504 1433 541 odit
1465 505 1687 552 mendacia,
1728 505 1999 544 multi-3128d

264 533 519 615 ξξὲᾔὶεῗθῇῃξᾞῖ
544 559 709 609 plicabit
740 561 962 598 secundum
996 560 1230 609 dignitatem
1265 562 1476 610 capacium
1511 562 1602 599 fidei
1635 563 1892 603 veritatem.5

265 615 522 680 ffigdminnilitgflgf
544 619 725 682 Cer-tum,
757 618 936 667 inquam,
970 627 1041 666 est,
1074 620 1183 668 quod
1211 619 1476 668 multiplicata
1509 621 1712 669 apostasia
1743 633 1860 669 gene-

288 687 338 714 ὼε
358 685 489 713 faithful.
543 676 716 713 raeionis
759 676 871 725 signa
914 676 1176 725 querencium
1218 676 1525 726 multiplicanda
1575 688 1631 715 est
1675 691 1857 715 errorum

543 733 714 772 varietas
746 734 787 771 in
820 735 896 771 hoc
927 734 1147 771 venerabili
1180 745 1445 773 sacramento.

601 791 771 840 Explicit
816 793 1030 829 Tractatus
1074 793 1122 829 de
1172 793 1384 841 Apostasia
1436 793 1616 842 Magistri
1666 794 1858 831 Johannis

544 849 693 887 Wiclef
718 849 893 887 doctoris
925 850 1170 898 ewangeliei.
1878 869 1917 890 10

613 1014 642 1043 9.
669 1006 804 1043 Explicit
828 1011 977 1035 tractatus
1006 1007 1043 1035 de
1071 1008 1229 1043 apostasia
1259 1017 1312 1045 per
1341 1010 1544 1037 reverendum
1574 1009 1733 1037 doctorem
1759 1009 1784 1038 J.
1804 1009 1857 1038 W.

543 1042 632 1070 cuius
658 1042 762 1069 anima
788 1050 842 1077 per
867 1042 1115 1070 misericordiam
1142 1043 1284 1071 altissimi
1311 1044 1483 1080 requiescat
1508 1044 1540 1072 in
1561 1052 1635 1080 pace
1656 1044 1697 1078 C;
1726 1044 1860 1080 Explicit

543 1081 691 1105 tractatus
716 1076 753 1104 de
778 1077 935 1112 apostasia
960 1085 1014 1112 per
1040 1078 1243 1106 reverendum
1272 1078 1431 1106 doctorem
1451 1078 1476 1106 J.
1497 1078 1552 1107 W.
1573 1079 1661 1107 cuius
1682 1080 1786 1107 anima
1806 1087 1859 1115 per

544 1111 790 1139 misericordiam
817 1111 960 1139 altissimi
980 1111 1024 1145 D;
1051 1120 1105 1147 per
1125 1113 1328 1140 reverendum
1348 1113 1507 1141 doctorem
1527 1114 1553 1141 J.
1568 1114 1621 1143 W.
1642 1114 1730 1141 cuius
1756 1115 1860 1142 anima

566 1155 598 1174 er
618 1145 864 1173 misericordiam
885 1146 1029 1174 altissimi
1051 1147 1223 1183 requiescat
1243 1148 1273 1175 in
1295 1156 1379 1183 pace.
1399 1150 1501 1176 Amen
1522 1149 1555 1176 Β.
1670 1157 1710 1176 10.
1732 1148 1860 1184 Respice

543 1155 633 1208 iinem
655 1181 713 1216 1517
732 1182 761 1208 A
780 1182 846 1209 alia
865 1189 967 1209 manu.
