2099 3347
263 235 343 271 224
983 234 1207 267 JOHANNIS
1232 233 1419 266 WYCLIF
1670 230 1758 259 CAP.
1780 230 1862 260 xvi.

550 349 747 377 sectarum
789 353 833 377 ex
876 341 1108 388 ignorancia
1147 342 1346 388 graduum
1386 340 1426 377 in
1463 340 1585 388 signis
1619 349 1677 376 est
1710 340 1862 377 infideli

551 398 736 435 deterior.

263 462 533 524 begglqsesbgzaddis
606 458 833 493 Teneamus
865 456 985 505 igitur
1017 457 1126 505 quod
1158 456 1301 493 virtute
1332 457 1548 493 verborum
1567 456 1715 493 Christi
1748 456 1862 505 panis
1878 459 1916 490 P.

278 531 410 559 Christ's
432 531 515 567 body
547 513 612 550 ille
650 514 694 551 fit
733 523 770 551 et
803 523 860 551 est
893 514 1135 551 miraculose
1169 527 1314 563 corpus
1347 514 1497 551 Christi
1528 515 1635 551 ultra
1665 514 1863 562 possibili-

259 566 520 636 Νξζξάξῐῑὶῑὲὲξιῑιῗγ
547 580 668 609 tatem
707 572 809 620 signi
851 574 901 609 ad
946 573 1022 609 hoc
1066 572 1298 609 humanitus
1343 572 1526 609 instituti.
1575 573 1896 609 Verumtamen5

263 622 531 705 Ῥεωξζῑὲηυίῐὲίῑέῐψῖἶ
547 629 622 666 ista
653 630 785 666 unitas
817 631 877 667 vel
908 629 1005 666 unio
1037 630 1118 667 sive
1157 630 1345 679 accepcio
1383 644 1464 667 non
1503 630 1661 678 attingit
1693 632 1743 667 ad
1775 630 1863 666 uni-

263 709 397 739 matures,
419 705 525 733 butas
547 696 670 724 tatem
702 687 972 736 ydempticam
1004 688 1229 724 naturalem
1260 688 1321 725 vel
1351 688 1543 725 unionem
1575 688 1862 737 ypostaticam3

270 740 513 808 poss¹seii¹2¹i¹eya²itse1a
548 747 616 782 sed
662 746 838 782 creditur
882 747 991 794 quod
1035 745 1084 782 sit
1127 745 1361 782 immediate
1405 755 1495 795 post
1538 746 1661 783 illam.
1715 748 1764 782 Et
1808 745 1863 782 sic

259 809 338 848 This
365 808 474 848 avoids
495 808 531 836 all
548 803 777 840 accidencia
810 803 1037 851 corporalia
1070 803 1250 852 corporis
1284 804 1445 852 Christi,
1479 812 1521 840 ut
1553 804 1794 853 quantitates
1827 812 1864 840 et

274 851 513 906 incpgbvuetmte'zssce
548 862 760 910 qualitates
814 862 1044 910 corporales
1098 861 1277 910 corporis
1331 862 1493 909 Christi,
1545 862 1731 899 videntur
1783 874 1865 898 non
1885 874 1923 894 10

310 913 476 941 accidents.
549 919 809 968 multiplicari
842 920 1165 956 concomitanter
1196 921 1246 955 ad
1280 933 1425 969 corpus
1459 920 1608 957 Christi
1639 920 1680 956 in
1713 919 1864 956 hostia:

549 986 586 1014 et
615 990 686 1025 per
717 978 823 1014 idem
861 977 940 1014 alia
980 977 1211 1014 accidencia
1258 978 1479 1027 respectiva
1523 991 1601 1027 que
1645 979 1866 1015 fundantur

548 1035 588 1071 in
619 1035 723 1072 istis:
770 1034 864 1084 quia
902 1035 1039 1072 omnia
1079 1035 1154 1072 ista
1198 1035 1430 1073 accidencia
1475 1036 1711 1085 preexigunt
1749 1031 2004 1088 essefAnssb

550 1094 758 1142 corporale
797 1093 858 1130 sui
896 1093 1064 1130 subiecti
1103 1093 1334 1142 ubicunque
1371 1094 1537 1141 fuerint;
1582 1103 1626 1131 ut
1658 1094 1689 1130 si
1722 1094 1786 1131 hic
1818 1093 1867 1130 sit

549 1150 861 1200 septipedalitas,
886 1152 998 1188 color
1020 1151 1080 1188 vel
1102 1151 1230 1200 gloria
1256 1152 1478 1201 corporalis
1502 1152 1682 1201 corporis
1701 1151 1865 1199 Christi,
1886 1152 1922 1185 15

549 1218 644 1245 tunc
677 1209 740 1246 hic
773 1218 842 1256 est,
877 1211 985 1258 quod
1019 1222 1164 1258 corpus
1195 1210 1343 1247 Christi
1376 1219 1434 1247 est
1466 1210 1725 1259 septipedale,
1760 1210 1866 1247 colo-

550 1276 695 1314 ratum,
737 1276 774 1304 et
806 1267 1070 1315 corporaliter
1109 1268 1395 1316 glorificatum3
1442 1277 1479 1305 et
1511 1281 1582 1317 per
1615 1281 1866 1317 consequens

551 1338 696 1374 corpus
728 1325 875 1362 Christi
908 1326 1028 1362 habet
1061 1325 1124 1362 hic
1157 1326 1413 1363 existenciam
1447 1327 1714 1375 corporalem.
1749 1327 1866 1372 Quod

551 1396 642 1419 cum
675 1383 725 1420 sit
756 1383 914 1431 falsum,
959 1385 1189 1432 negandum
1229 1393 1286 1421 est
1324 1384 1419 1421 talia
1457 1384 1689 1421 accidencia
1727 1397 1866 1421 secun-

551 1442 646 1477 dum
681 1441 938 1478 condiciones
978 1442 1205 1479 materiales
1244 1442 1505 1491 multiplicari
1545 1442 1866 1480 concomitanter
1882 1454 1924 1475 20

321 1502 479 1542 Thu-stige
551 1501 601 1536 ad
635 1512 779 1548 corpus
813 1499 960 1536 Christi
1000 1499 1041 1536 in
1081 1500 1212 1537 hostia
1253 1509 1499 1538 consecrata.
1553 1503 1687 1538 Partes
1732 1509 1865 1538 autem

298 1541 501 1608 quggirtgagfve
552 1557 815 1606 quantitative
856 1557 1036 1606 corporis
1070 1558 1217 1595 Christi
1260 1559 1407 1595 habent
1449 1571 1533 1596 esse
1577 1559 1783 1607 spirituale
1826 1558 1867 1595 in

281 1606 514 1669 Chriggisstbody
553 1615 700 1652 hostia:
746 1629 882 1663 ymmo
921 1617 1068 1653 habent
1112 1629 1197 1653 esse
1235 1617 1527 1654 sacramentale
1566 1616 1730 1664 ibidem,
1775 1629 1866 1654 cum

284 1676 520 1726 sacramentam-y
552 1674 601 1710 sit
624 1675 928 1722 quodammodo
952 1673 1128 1722 quelibet
1160 1687 1253 1722 pars
1276 1674 1544 1723 quantitativa
1575 1675 1700 1724 ipsius
1725 1674 1865 1721 hostie,

286 1711 509 1774 ffsghtehgffggltfl
553 1740 591 1768 et
623 1732 750 1768 multo
785 1732 911 1780 magis
945 1732 1235 1780 multiplicatur
1258 1732 1395 1769 anima
1414 1733 1563 1770 Christi
1584 1746 1656 1782 per
1679 1732 1866 1778 hostiam,
1884 1733 1923 1765 25

265 1781 539 1851 fiftigrssetssfebclilty
553 1791 774 1825 Secundum
816 1791 1021 1838 quoddam
1062 1803 1145 1827 esse
1183 1790 1387 1839 spirituale
1424 1791 1624 1839 posterius
1657 1804 1779 1840 quam
1813 1799 1870 1827 est

280 1824 652 1911 51sj3171¹ieav5n4111ud
692 1860 776 1884 esse
815 1849 923 1896 quod
962 1849 1080 1885 habet
1113 1848 1154 1883 in
1187 1861 1356 1897 corpore
1389 1849 1538 1886 Christi
1570 1849 1611 1885 in
1646 1850 1744 1886 celo.
1790 1850 1838 1885 Et
1862 1841 1909 1901 [Β
1930 1846 2008 1892 119b

264 1886 675 1947 ('hrri‹¹³⁵1·te⁵DSicir[i¹11e¹⁵catlsa
719 1905 836 1942 huius
880 1905 1235 1954 multiplicacionis
1279 1906 1411 1943 anime
1450 1906 1597 1944 Christi
1642 1916 1714 1953 est,
1760 1908 1870 1956 quod

265 1955 337 1982 “¹³¹¹
365 1954 421 1982 His
448 1954 538 1990 body.
554 1963 641 2011 ipsa
674 1972 730 1999 est
762 1963 1023 2012 principalius
1056 1963 1143 2012 ipso
1177 1977 1345 2013 corpore
1377 1977 1550 2013 persona
1572 1965 1696 2002 verbi.
1731 1964 1869 2011 Quali-

555 2030 656 2058 tates
701 2029 836 2058 autem
882 2021 1182 2069 immateriales,
1235 2035 1312 2071 que
1355 2022 1630 2060 subiectantur
1662 2022 1702 2059 in
1734 2023 1870 2059 anima
1886 2024 1928 2057 30

557 2078 717 2124 Christi,
764 2079 1179 2128 commultiplicantur
1223 2093 1314 2117 cum
1358 2080 1445 2128 ipsa
1484 2093 1555 2129 per
1592 2081 1781 2128 hostiam,
1826 2089 1869 2117 ut

555 2136 742 2183 sciencia,
775 2137 933 2174 iusticia
967 2147 1004 2174 et
1035 2138 1110 2174 alie
1142 2138 1305 2175 virtutes
1337 2138 1470 2175 anime
1493 2138 1655 2186 Christi,
1689 2151 1767 2188 que
1789 2151 1870 2175 non

556 2194 778 2243 requirunt,
811 2195 1041 2244 ubicunque
1064 2195 1224 2243 fuerint,
1252 2196 1399 2234 Christi
1430 2196 1760 2245 preexistenciam
1784 2209 1870 2233 cor-

556 2253 752 2301 poralem.
807 2255 896 2301 Ipsa
934 2253 1039 2290 enim
1080 2254 1242 2290 fuerunt
1281 2268 1372 2291 cum
1406 2255 1584 2302 Christo;
1638 2255 1733 2304 quia
1778 2268 1868 2291 curn

557 2311 640 2347 eius
684 2310 819 2348 anima
857 2311 898 2347 in
938 2312 1106 2358 inferno,
1160 2312 1263 2349 sicut
1304 2325 1376 2361 per
1419 2321 1547 2350 totam
1592 2313 1766 2350 hostiam
1813 2321 1871 2350 est
1887 2313 1926 2347 35

268 2384 381 2411 nutas
402 2382 535 2411 Christ’s
557 2368 740 2406 Christus
791 2369 1004 2416 virtuosus,
1058 2370 1113 2407 sic
1161 2379 1218 2407 est
1265 2383 1335 2419 per
1385 2370 1496 2407 illam
1540 2370 1663 2408 virtus
1709 2370 1869 2407 Christi.

307 2418 508 2480 bodtffigrsenot
557 2428 672 2464 Unde
704 2435 821 2463 autor
854 2430 911 2464 De
943 2428 1086 2465 divinis
1125 2428 1269 2465 officiis
1309 2427 1500 2477 opinatur
1538 2430 1660 2478 quod,
1706 2437 1871 2478 propter

293 2487 533 2540 substant-iau),-
558 2497 641 2521 esse
682 2484 890 2533 spirituale
934 2486 1113 2535 corporis
1146 2486 1293 2523 Christi
1324 2486 1366 2522 in
1398 2487 1541 2533 hostia,
1587 2496 1645 2523 est
1683 2486 1737 2524 ibi
1777 2500 1871 2524 con-

277 2523 535 2593 ¹1³2¹e³rnshnr5ffi¹3rue³
558 2542 804 2579 comitancia
835 2544 1085 2591 angelorum.
1119 2544 1223 2590 Quia
1255 2553 1391 2581 tamen
1418 2543 1423 2596 Ι
1452 2544 1709 2593 sophisticari
1740 2545 2009 2593 potestA113⁰

321 2592 496 2660 ςῑέηῑὲῗῐῗξξη
557 2600 632 2637 ista
683 2601 839 2637 oblacio
886 2614 930 2638 ex
978 2602 1134 2638 defectu
1186 2602 1394 2650 potestatis
1441 2602 1533 2639 fidei
1579 2611 1616 2639 et
1658 2604 1929 2645 verborum40

300 2660 515 2689 whilstidiots
558 2658 782 2706 presbiteri,
828 2659 919 2696 ideo
958 2659 1074 2695 multi
1112 2659 1287 2708 religiosi
1325 2661 1496 2697 adorant
1539 2660 1872 2698 condicionaliter

294 2700 527 2770 gmrxgffiggnipqg
559 2717 663 2753 hanc
696 2716 869 2754 hostiam
893 2726 930 2754 et
961 2717 1002 2753 in
1026 2730 1194 2767 corpore
1213 2718 1373 2765 Christi,
1408 2720 1517 2767 quod
1548 2718 1872 2756 substancialiter

315 2766 350 2792 be
370 2765 502 2792 Christ's

367 2800 457 2836 body.

628 2862 652 2890 5.
674 2863 711 2890 ab
731 2862 768 2890 D.
843 2863 880 2893 15.
902 2863 950 2899 gla
970 2864 1015 2897 A;
1035 2863 1138 2899 glossa
1159 2864 1221 2892 BD.
1293 2863 1340 2893 30.
1364 2865 1537 2892 materiales
1556 2864 1621 2893 ΑΒ.
