2099 3347
144 538 168 570 I.

151 595 166 629 5

62 657 91 687 A
110 652 170 699 79‘'

184 252 273 280 CAP.
296 252 332 280 x.
666 254 726 286 DE
754 254 1022 286 APOSTASIA.
1701 248 1783 284 ‘125

184 371 243 398 ter
275 361 435 408 dicitur,
481 362 590 410 quod
633 361 714 398 vita
759 360 946 397 animalis
995 373 1090 397 caro
1130 369 1201 397 est.
1254 364 1302 397 Et
1340 362 1498 398 locucio
1531 368 1609 396 This
1630 369 1775 409 mode-of

183 421 404 456 secundum
439 419 548 456 illam
582 418 909 467 predicacionem
935 427 992 455 est
1017 418 1196 455 crebrior
1221 418 1262 455 in
1285 419 1497 467 scriptura,
1514 403 1787 466 11³1¹2322215221t³¹¹f¹ffs

184 478 278 527 quia
311 486 464 515 certum
499 485 558 513 est
589 478 699 526 quod
731 478 782 513 ad
815 476 1007 514 interiora
1047 485 1130 513 tam
1170 476 1342 514 infidelis
1377 490 1497 526 quam
1520 473 1789 536 ῐῑῑξοξῐῗὲξὲξῖἳζιῑὸ

185 535 310 572 muris
342 536 450 573 venit
489 533 708 572 materialis
747 534 928 571 essencia
967 534 1225 572 sacramenti.
1280 536 1411 582 Unde,
1457 544 1500 572 ut
1568 542 1740 578 Scripture.

184 607 305 642 supra
339 592 464 641 tetigi,
509 601 642 641 potest
685 592 854 641 intelligi
887 605 958 641 per
991 593 1165 641 speciem
1201 601 1237 629 et
1269 592 1501 629 similitudi-

183 664 276 689 nem
301 653 348 688 de
372 651 516 701 quibus
539 650 717 700 loquitur
741 650 971 699 Gregorius,
1006 651 1092 700 ipsa
1126 650 1305 687 essencia
1333 647 1338 704 Ι
1366 659 1410 687 ut
1443 660 1500 688 est

183 709 381 746 sensibilis
414 718 452 746 et
486 708 641 745 mistice
674 708 816 745 similis
850 709 1013 757 corpori
1047 708 1210 746 Christi.
1258 710 1307 745 Et
1346 709 1401 746 sic
1442 709 1500 746 in-

183 767 310 816 telligi
355 775 487 816 potest
533 766 684 803 dictum
718 766 940 813 Anshelmi,
987 769 1095 816 quod
1139 767 1236 804 false
1283 767 1499 804 ascribitur

182 825 421 874 Augustino,
456 826 563 874 quod
603 823 728 861 nichil
767 826 815 861 de
853 837 957 873 pane
996 833 1178 862 remanet
1223 833 1314 873 post
1361 838 1500 862 conse-

130 883 427 928 meracionem,
473 882 548 919 nisi
592 882 790 919 sensibilis
835 883 1022 931 qualitas.
1076 885 1176 920 Sunt
1229 883 1334 920 enirn
1378 885 1499 920 verba
1556 889 1624 918 The
1644 890 1749 918 words

129 1177 166 1209 15

126 1477 168 1499 20

57 1758 100 1790 K.
127 1757 167 1790 25

63 1817 90 1847 B
109 1814 169 1859 87¹¹

182 941 421 979 venerabilis
454 940 663 977 Anshelmi
708 940 748 977 in
782 942 959 990 quodam
993 941 1130 978 libello
1165 942 1212 977 de
1245 950 1500 978 sacramento
1545 925 1762 995 agffgffssffiff

182 1000 339 1046 altaris;
374 1008 412 1036 et
442 998 660 1036 verisimile
693 1007 750 1035 est
774 1000 883 1048 quod
906 1000 1098 1048 allegaret
1123 999 1358 1047 magistrum
1383 1013 1499 1036 suurn
1557 995 1671 1057 '³222ss
1688 999 1756 1057 2⁰f³

182 1058 467 1106 Augustinum,
501 1057 533 1094 si
565 1057 697 1094 forent
730 1069 773 1093 ex
805 1057 961 1105 integro
994 1059 1115 1094 verba
1159 1070 1249 1104 sua3
1294 1057 1351 1094 sic
1394 1058 1500 1095 enim
1578 1065 1721 1092 Anselm.

181 1116 278 1153 facit
301 1116 341 1152 in
364 1115 629 1164 Monologion
651 1114 720 1151 ubi
744 1115 851 1164 capit
873 1117 979 1152 nude
1003 1116 1250 1153 sentenciam
1273 1115 1500 1164 Augustini.

183 1175 275 1211 Ideo
307 1174 369 1211 vel
403 1174 617 1210 mendaces
649 1173 711 1210 vel
743 1173 961 1222 'scriptores
993 1182 1159 1222 propter
1191 1173 1499 1211 similitudinem

182 1231 394 1269 nominum
438 1231 651 1280 Augustini
697 1239 734 1268 et
775 1231 985 1269 Anshelmi
1038 1232 1232 1278 fecerunt,
1278 1234 1388 1281 quod
1432 1232 1501 1269 illa

182 1292 304 1327 verba
357 1289 654 1327 ascriberentur
708 1302 855 1338 magno
909 1289 1067 1326 doctori
1119 1290 1357 1338 Augustino.
1410 1293 1501 1327 Non
1532 1296 1671 1337 Βᾳείςίεε,
1690 1297 1772 1325 from

183 1348 288 1385 enirn
332 1348 387 1385 ita
432 1347 574 1385 leviter
614 1356 794 1385 moveret
841 1356 976 1385 tantus
1014 1349 1169 1395 doctor,
1215 1350 1324 1397 quod
1368 1349 1498 1385 solum
1538 1333 1773 1395 mfigffitfficfff'

183 1406 356 1455 qualitas
389 1414 597 1443 remaneat
629 1414 720 1454 post
762 1405 987 1442 versionem
1034 1406 1167 1443 uxoris
1201 1407 1305 1442 Loth
1350 1405 1390 1443 in
1422 1415 1500 1443 sta-
1521 1402 1777 1464 qchffiffiessfizffit

183 1473 294 1501 tuam
327 1464 421 1501 salis
454 1473 492 1500 et
524 1463 645 1501 silicis
678 1464 718 1501 in
739 1463 900 1501 vitrum.
936 1463 1043 1509 Quid
1067 1464 1171 1501 enim
1198 1464 1399 1513 pertinent
1422 1464 1499 1501 ista
1520 1445 1589 1505 ξιξ,
1609 1459 1787 1507 Augustine'

184 1524 234 1559 ad
266 1522 520 1560 inferendum
555 1523 663 1571 quod
696 1522 882 1559 accidens
916 1531 974 1558 est
1013 1521 1096 1558 sine
1130 1522 1336 1559 subiecto?
1385 1523 1501 1559 Unde
1515 1506 1771 1577 53οξιῇιῆἰὸῑῇξὶᾞῇ

184 1582 361 1618 swadent
394 1581 503 1629 quod
534 1580 603 1617 illa
638 1579 881 1617 miraculosa
915 1580 1124 1617 conversio
1167 1580 1412 1618 sacramenti
1451 1580 1501 1617 sit
1516 1576 1604 1604 alone
1621 1550 1791 1604 remained³s

185 1640 258 1675 deo
291 1638 509 1687 possibilis,
545 1647 582 1675 et
615 1638 818 1675 infinitum
852 1638 979 1686 magis
1013 1638 1210 1675 mirabilis
1243 1647 1410 1688 propter
1443 1638 1501 1675 in-

185 1697 439 1734 mensitatem
474 1696 671 1743 miraculi,
706 1709 827 1746 quam
862 1696 1015 1733 dictum
1048 1709 1152 1746 opus
1184 1706 1340 1734 nature.

242 1757 291 1791 Et
336 1764 532 1804 quantum
578 1756 629 1791 ad
673 1767 833 1791 sensum
880 1754 1061 1791 doctoris
1092 1755 1302 1792 Anshelmi
1344 1754 1503 1791 videtur
1550 1761 1622 1789 And
1644 1761 1680 1788 hc
1701 1769 1756 1788 can

185 1812 304 1849 michi
339 1813 471 1862 ipsum
505 1812 728 1861 intelligere
762 1814 871 1862 quod
903 1813 1033 1849 solum
1080 1826 1159 1862 qua
1187 1812 1191 1863 Ι
1219 1813 1352 1850 litates
1386 1812 1501 1862 panis
1530 1796 1777 1859 biztgliffeggtncgd

186 1879 223 1907 et
260 1871 341 1908 vini
386 1879 596 1908 remanent
641 1871 744 1908 forte
788 1871 829 1907 in
873 1880 965 1907 actu
1010 1870 1375 1918 consideracionis3
1420 1884 1502 1908 non

185 1937 322 1966 tamen
353 1930 448 1966 wult
480 1941 640 1977 negare,
688 1928 784 1977 quin
817 1938 1027 1966 remanent
1059 1929 1100 1966 in
1131 1938 1387 1967 sacramento
1421 1929 1499 1966 alia

186 1995 279 2024 octo
313 2000 461 2036 genera
494 1986 727 2024 accidentis.
761 1988 878 2024 Unde
912 1987 1037 2024 miror
1060 1989 1168 2037 quod
1193 1987 1379 2025 moderni
1403 1986 1502 2024 socii

184 2053 341 2082 tantum
375 2046 601 2094 ponderant
633 2045 732 2081 illud
755 2045 920 2092 dictum,
955 2058 1046 2082 cum
1068 2045 1308 2083 venerabilis
1330 2046 1500 2082 Anshel-
1518 2052 1562 2080 He
1578 2060 1649 2087 says
1669 2052 1792 2079 himself

186 2116 274 2140 mus
307 2103 404 2140 dicit
436 2103 476 2139 in
509 2103 612 2140 libro
636 2116 708 2140 suo
732 2105 789 2140 De
811 2103 993 2150 veritate,
1028 2103 1208 2152 capitulo
1232 2103 1357 2149 finali,
1392 2104 1501 2153 quod
1546 2087 1761 2149 acctffitntnssan

159 2161 372 2198 caccidens
414 2174 496 2198 non
540 2170 672 2209 potest
717 2173 801 2198 esse
853 2161 937 2198 sine
989 2162 1185 2210 subiecto,
1215 2160 1219 2215 Ι
1248 2162 1351 2199 sicut
1404 2161 1500 2198 dicit
1524 2157 1603 2184 exist
1623 2157 1790 2183 withouta

184 2219 450 2267 Augustinus,
483 2220 674 2266 secundo,
699 2219 792 2267 quia
814 2228 976 2256 sanctus
997 2221 1190 2266 Thomas,
1224 2219 1288 2257 cui
1320 2219 1377 2256 illi
1401 2219 1503 2256 inni-
1593 2193 1721 2254 sulgffidct.

185 2286 336 2324 tuntur,
369 2290 460 2314 vere
492 2277 588 2314 dicit
621 2278 730 2326 quod
762 2277 1012 2326 impossibile
1036 2286 1093 2314 est
1116 2279 1238 2315 talem
1262 2277 1499 2327 qualitatem
1547 2260 1757 2323 {tgsgaltisortffist

155 2336 409 2372 'naturalem
446 2348 544 2382 esse,
588 2334 665 2371 nisi
710 2335 829 2372 fuerit
867 2336 1034 2372 fundata
1067 2336 1107 2372 in
1139 2336 1378 2385 quantitate,
1425 2347 1501 2384 que
1517 2330 1633 2366 quality
1655 2335 1737 2357 must
1757 2331 1792 2357 be

188 2402 247 2429 est
282 2393 459 2442 primum
494 2406 617 2441 genus
662 2393 904 2441 accidentis3
951 2402 987 2430 et
1031 2394 1157 2430 tercio
1201 2393 1296 2443 quia
1342 2393 1504 2442 ipsimet
1560 2365 1756 2436 ϋὲῗιῖιῗηῗιῗῗη

253 2514 283 2538 4.
306 2506 405 2532 nutris
427 2505 468 2539 C;
489 2505 526 2533 ib.
549 2510 577 2532 et
597 2505 636 2532 A.
710 2513 740 2540 9.
763 2505 869 2533 beatus
891 2504 1063 2540 Gregorius
1084 2505 1149 2533 CD.
1223 2512 1252 2540 9.
1275 2510 1448 2532 remaneret
1469 2505 1501 2532 B.

186 2547 232 2567 20.
254 2540 342 2567 filicis
362 2540 429 2567 AD.
533 2548 580 2574 24.
603 2540 760 2567 miraculis
774 2548 837 2575 pro
858 2539 1009 2567 mirabilis
1031 2540 1064 2567 Β.
1173 2547 1218 2575 27.
1238 2540 1502 2567 consideracionis

186 2575 321 2602 fidelium
343 2574 368 2602 C
450 2573 492 2602 33.
514 2575 694 2610 Augustino
714 2583 817 2602 omnes
836 2574 938 2607 MSS,·
957 2575 995 2602 ib.
1018 2574 1101 2610 quod
1123 2574 1183 2602 BC.

261 2657 311 2678 11.
337 2647 421 2678 Ans.
447 2647 510 2689 Ep.
538 2647 640 2679 CVII.
671 2646 728 2679 De
752 2656 902 2688 corpore
927 2651 961 2679 et
985 2647 1160 2689 sanguine
1185 2646 1336 2679 Domini
1361 2647 1502 2688 (Migne,

186 2699 210 2724 t.
234 2692 306 2736 159,
332 2703 366 2734 p.
394 2692 486 2734 256).
608 2694 660 2726 30.
687 2694 735 2725 St.
762 2693 917 2734 Anselm,
943 2692 1006 2724 has
1032 2692 1091 2725 the
1117 2693 1301 2735 following
1325 2694 1442 2724 words
1469 2694 1503 2724 in

186 2738 245 2770 the
276 2740 342 2783 last
374 2739 427 2771 ch.
464 2740 521 2772 De
550 2740 726 2773 Veritate:
763 2740 940 2771 Existente
972 2750 1126 2781 namque
1158 2750 1315 2781 corpore,
1348 2739 1502 2770 colorem

188 2785 262 2816 eius
288 2796 431 2817 necesse
456 2793 508 2817 est
533 2796 625 2825 esse;
652 2792 685 2817 et
710 2793 875 2827 pereunte
901 2796 1055 2828 corpore,
1083 2786 1234 2817 colorem
1261 2786 1335 2817 eius
1362 2796 1502 2817 manere

189 2831 406 2873 impossibile
432 2839 484 2863 est
509 2833 651 2874 (Migne,
676 2838 699 2863 t.
725 2831 797 2872 158,
824 2843 857 2874 p.
882 2831 978 2873 484).
1099 2833 1152 2866 33.
1186 2833 1234 2863 St.
1261 2831 1327 2863 Th.
1361 2833 1427 2873 Aq.
1462 2831 1500 2863 In

188 2878 242 2909 lib.
271 2878 368 2912 Sent.
395 2888 423 2910 e.
450 2879 505 2918 IV,
532 2879 618 2910 Dist.
643 2879 714 2918 XII,
743 2885 802 2910 art.
827 2890 853 2910 1.
884 2879 927 2909 Et
955 2879 1032 2911 ideo
1059 2878 1248 2910 dicendum
1277 2883 1338 2912 est.
