2099 3347
154 854 192 875 10

153 1133 189 1165 15

68 1366 93 1396 A
115 1368 192 1396 101⁸

66 1713 91 1743 Β
114 1711 189 1743 108n

210 208 299 237 CAP·
320 208 401 237 XIV·
688 212 747 244 DE
775 211 1044 244 APOSTASIA.

210 319 464 366 “Corpora,‘'
505 318 649 367 inquit,
690 321 822 364 “sunt‚
864 331 1035 367 quorum
1075 319 1229 354 nullum
1272 327 1403 367 potest
1441 331 1525 356 esse

209 376 358 425 ubique
397 384 543 423 totum,
591 375 686 425 quin
724 384 767 412 ut
812 388 883 424 per
923 373 1236 413 innumerabiles
1274 385 1410 425 partes
1455 377 1525 414 ali-

210 447 331 482 quam
372 433 467 471 alibi
509 435 655 471 habeat
693 446 856 471 necesse
890 442 966 480 est;
1006 443 1044 471 et
1077 443 1436 484 quantumcunque
1475 435 1525 471 sit

209 504 367 541 corpus,
401 504 469 529 seu
502 492 904 541 quantulumcunque
934 493 1218 541 corpusculum
1252 492 1330 530 loci
1353 501 1525 541 occupat

208 550 404 598 spacium,
451 551 704 599 eundemque
748 551 881 587 locum
929 550 985 587 sic
1029 550 1198 599 impleat
1242 559 1286 587 ut
1329 550 1370 587 in
1414 551 1525 587 nulla

209 608 293 644 eius
327 617 442 657 parte
475 608 524 645 sit
556 609 730 645 totum.'’
771 610 850 645 Ista
889 617 1023 645 autem
1057 608 1120 645 via
1154 608 1251 645 dicit
1284 610 1393 658 quod
1433 610 1524 645 sub-

207 667 362 704 stancia
403 667 585 715 corporis
619 666 781 713 Christi,
822 666 924 702 sicut
964 675 1022 703 est
1061 668 1281 703 secundum
1318 679 1358 703 se
1396 675 1523 704 totam

209 723 249 760 in
282 725 462 773 qualibet
483 733 598 773 parte
631 724 709 761 loci
743 724 873 761 hostie
902 733 1150 771 consecrate,
1185 724 1241 761 sic
1274 733 1408 773 potest
1441 737 1524 761 esse

210 795 281 830 per
303 782 425 819 situm
458 782 587 820 tocius
611 782 763 828 mundi,
798 784 907 831 quod
930 782 1151 819 immediate
1174 791 1372 831 repugnat
1394 782 1524 820 verbis

209 848 246 876 et
284 841 489 877 sentencie
533 840 639 877 beati
679 840 905 888 Augustini.
951 842 1064 887 Item,
1112 840 1143 877 si
1184 853 1330 889 corpus
1376 841 1524 878 Christi

208 898 258 935 sit
296 898 623 935 substancialiter
669 900 719 935 ad
762 898 985 947 quemlibet
1023 907 1217 947 punctum
1265 898 1523 945 sacramenti,

208 965 303 993 tunc
349 965 406 994 est
445 970 546 1006 eque
591 969 796 1005 magnum,
842 956 1087 1005 ubicumque
1132 956 1265 1004 fuerit,
1312 970 1403 994 cum
1443 970 1524 994 non

208 1014 356 1063 poterit
390 1028 473 1052 esse
506 1014 667 1061 alicubi,
700 1028 784 1052 non
815 1023 1026 1063 quantum.
1077 1016 1190 1051 Unde
1221 1014 1380 1052 videtur
1412 1028 1525 1052 sanc-

207 1081 292 1109 tum
325 1074 527 1110 Thomam
562 1073 695 1109 dicere
733 1073 773 1109 in
807 1075 863 1109 De
896 1073 1064 1109 veritate
1098 1073 1300 1121 theologie
1339 1073 1442 1109 libro
1478 1075 1524 1109 60

208 1130 385 1179 capitulo
417 1144 476 1177 14.
513 1133 647 1168 “Inter
670 1131 790 1177 alia,'’
826 1130 969 1179 inquit,
1004 1130 1228 1177 „miracula
1253 1131 1369 1167 huius
1393 1143 1525 1168 sacra-

214 1189 339 1225 menti
384 1189 561 1238 primum
603 1197 662 1226 est
706 1190 816 1238 quod
855 1197 913 1226 est
957 1188 1063 1225 idem
1111 1201 1257 1237 corpus
1290 1188 1439 1226 Christi
1485 1189 1525 1224 in

208 1255 320 1284 tanta
360 1247 599 1296 quantitate,
640 1247 742 1283 sicut
774 1247 847 1283 fuit
887 1247 926 1283 in
960 1259 1091 1291 cruce,
1135 1256 1171 1283 et
1204 1246 1307 1283 sicut
1346 1247 1425 1283 iam
1468 1255 1525 1283 est

207 1304 247 1340 in
281 1306 408 1342 celo.’'
443 1306 687 1354 Oppositum
721 1304 879 1342 videtur
900 1305 1147 1353 Augustinus
1172 1318 1354 1353 expresse
1378 1305 1523 1341 dicere.

210 1364 323 1400 Unde
363 1364 532 1412 epistola
569 1364 618 1411 39
658 1365 708 1400 ad
743 1364 978 1400 Dardanum
1009 1359 1013 1415 1
1042 1362 1083 1399 in
1117 1376 1208 1411 qua,
1244 1363 1338 1411 quia
1377 1371 1524 1399 tractat

208 1422 256 1457 de
288 1430 543 1458 sacramento
573 1421 725 1468 altaris,
761 1430 1058 1458 memoraretur
1096 1422 1143 1457 de
1180 1433 1350 1470 corpore
1374 1420 1522 1457 Christi

206 1478 246 1515 in
284 1480 366 1526 illo,
406 1488 443 1516 et
476 1493 581 1527 cum,
617 1479 875 1527 distingwens
914 1479 1018 1515 inter
1059 1480 1223 1515 modum
1265 1479 1421 1515 essendi
1461 1478 1523 1514 dci

206 1537 355 1586 ubique
394 1546 431 1574 et
471 1540 636 1575 modum
684 1537 838 1574 essendi
878 1537 1018 1573 mundi
1058 1538 1164 1573 mole
1211 1537 1358 1585 magni,
1410 1545 1524 1573 notat

1574 614 1652 643 This
1673 616 1782 652 theory

1549 651 1739 678 contradicts
1760 651 1808 679 his

1620 687 1736 713 words.

1573 847 1644 875 And
1665 847 1691 875 if
1708 848 1732 876 it
1752 848 1788 876 be

1552 887 1629 917 true,
1651 882 1758 910 Christ
1777 883 1803 910 is

1571 922 1694 952 present
1712 917 1787 945 with

1590 951 1646 979 His
1667 952 1769 980 whole

1567 986 1628 1014 size
1649 990 1680 1014 at
1698 995 1790 1023 every

1570 1021 1658 1056 point
1678 1022 1713 1049 of
1730 1022 1780 1049 the

1601 1056 1697 1091 Host;
1719 1065 1752 1084 as

1576 1091 1620 1119 St.
1636 1090 1778 1119 Thomas

1552 1134 1639 1161 says3
1661 1127 1799 1162 seeming

1610 1160 1695 1197 flatly
1714 1166 1745 1188 to

1593 1196 1766 1223 contradict

1584 1231 1771 1265 Augustine.

206 1597 413 1644 quomodo
449 1596 654 1645 quantitas
688 1605 724 1632 et
759 1595 933 1644 qualitas
967 1595 1007 1631 in
1044 1594 1351 1631 condicionibus
1385 1594 1524 1631 distin-
1538 1601 1713 1636 Augustine
1727 1610 1813 1641 says:

1538 1635 1715 1673 “Quantity
1735 1637 1762 1664 is
1782 1645 1813 1664 in

205 1663 398 1701 guuntur3
444 1655 607 1701 „cum,'’
641 1653 786 1703 inquit,
824 1653 899 1701 „sit
932 1666 1077 1701 corpus
1110 1652 1245 1702 aliqua
1278 1652 1522 1698 substancia,
1544 1670 1624 1705 size;
1645 1672 1762 1707 quality
1782 1672 1808 1698 is

205 1712 409 1761 quantitas
449 1712 532 1749 eius
561 1711 565 1763 Ι
596 1721 653 1749 est
687 1711 727 1748 in
766 1711 1043 1760 magnitudine
1076 1711 1192 1748 molis
1226 1711 1330 1755 eius;
1370 1711 1522 1747 sanitas

1572 1706 1602 1733 in
1623 1706 1674 1733 the
1695 1707 1786 1742 being

1597 1740 1696 1768 itself:
1717 1749 1752 1768 so

203 1782 298 1807 vero
339 1770 422 1807 eius
468 1783 559 1807 cum
599 1770 649 1807 sit
687 1770 837 1819 ubique
881 1782 952 1817 per
990 1769 1137 1819 ipsum,
1182 1782 1264 1806 non
1305 1769 1522 1818 quantitas,
1538 1775 1680 1811 quantity
1699 1780 1814 1804 cannot

206 1830 276 1865 sed
319 1828 491 1877 qualitas
537 1828 621 1865 eius
667 1837 743 1875 est;
788 1829 896 1864 non”
944 1827 1087 1876 inquit,
1135 1827 1297 1875 “potuit
1341 1827 1523 1864 obtinere

206 1887 409 1935 quantitas
434 1886 618 1935 corporis
641 1887 750 1935 quod
775 1886 908 1934 potuit
931 1885 1117 1934 qualitas.
1143 1888 1244 1922 Nam
1269 1885 1337 1931 ita,
1372 1885 1523 1922 distan-

206 1944 312 1981 tibus
354 1944 549 1993 partibus,
590 1956 667 1993 que
705 1944 825 1980 simul
866 1956 950 1981 esse
983 1956 1065 1980 non
1104 1952 1287 1991 possunt,
1328 1943 1521 1992 quoniam

204 2015 276 2039 sua
321 2015 479 2052 queque
517 2002 653 2051 spacia
697 2003 882 2039 locorum
922 2011 1073 2048 tenent,
1129 2001 1304 2038 maiores
1352 2001 1520 2047 maiora,

203 2069 241 2097 et
274 2060 449 2098 minores
484 2061 654 2106 minora,
688 2073 769 2097 non
801 2060 933 2109 potuit
965 2072 1049 2096 esse
1083 2059 1123 2096 in
1159 2059 1324 2108 singulis
1358 2059 1522 2108 quibus-

202 2131 279 2168 que
311 2119 492 2168 partibus
531 2127 617 2156 tota
649 2119 710 2155 vel
741 2127 866 2164 tanta,
908 2126 1057 2167 quanta
1090 2130 1161 2166 per
1193 2118 1364 2156 totum.⁷'
1417 2118 1520 2153 Illud

204 2290 250 2319 Ch
271 2263 376 2318 gif-23.
404 2255 451 2283 dei
473 2271 502 2275 -—
524 2254 646 2283 essendi
666 2255 749 2282 deest
768 2254 804 2282 D.
948 2261 994 2288 24.
1023 2254 1067 2281 sic
1087 2261 1149 2289 pro
1178 2253 1218 2281 sit
1243 2252 1313 2287 CD;
1341 2252 1378 2280 ib.
1407 2260 1521 2287 corpus

255 2299 321 2318 risi
369 2313 374 2318 .

278 2385 327 2416 14.
365 2375 418 2407 No
449 2375 547 2407 work
584 2374 625 2407 of
658 2375 704 2406 St.
732 2372 888 2405 Thomas
924 2372 1024 2405 bears
1062 2372 1136 2404 that
1172 2369 1341 2404 name‘at
1372 2377 1521 2413 present.

204 2420 281 2453 The
313 2428 449 2453 nearest
480 2420 654 2464 approach
686 2427 722 2452 to
752 2419 821 2452 this
853 2420 1033 2462 quotation
1066 2418 1140 2451 that
1164 2418 1177 2450 Ι
1202 2417 1292 2450 have
1324 2418 1413 2449 been
1445 2417 1522 2449 able

203 2474 239 2498 to
265 2466 336 2499 find
368 2469 397 2500 is
428 2467 486 2500 the
518 2468 702 2510 following
733 2476 895 2509 passage:
935 2467 1082 2499 “Credit
1102 2491 1107 2498 .
1129 2491 1135 2498 .
1157 2490 1163 2497 .
1190 2465 1348 2498 Ecclesia
1368 2488 1376 2495 .
1396 2488 1404 2496 .
1424 2487 1432 2495 .
1458 2464 1522 2496 sub

205 2514 268 2546 illa
288 2524 409 2556 parva
437 2514 553 2547 hostia
571 2514 746 2547 contineri
764 2518 798 2545 et
815 2522 888 2545 esse
907 2514 1087 2546 veraciter
1104 2515 1217 2544 totum
1237 2520 1366 2552 corpus
1387 2510 1523 2543 Christi

205 2561 255 2592 ita
284 2571 454 2604 magnum
482 2566 516 2594 et
542 2562 593 2593 ita
614 2562 816 2603 perfectum
845 2559 936 2591 sicut
957 2560 1034 2602 fuit
1060 2559 1093 2590 in
1121 2558 1246 2590 cruce''
1274 2557 1422 2599 (Opusc.
1448 2556 1520 2596 Lil,

205 2607 259 2639 De
298 2607 533 2640 Sam-amento
565 2606 799 2645 Eucharistie‚
831 2616 859 2637 c.
887 2605 956 2646 ΙΙΙ).
988 2606 1055 2637 We
1087 2610 1180 2636 must
1211 2603 1342 2646 always
1372 2602 1456 2634 bear
1487 2603 1521 2633 in

204 2654 300 2685 mind
326 2653 399 2685 that
424 2654 472 2685 St.
491 2653 659 2693 Thomas,
686 2652 771 2684 with
795 2651 853 2683 the
879 2650 994 2683 whole
1013 2650 1153 2690 School,
1181 2650 1300 2682 denies
1318 2648 1391 2680 that
1409 2659 1520 2691 quan-

203 2700 266 2742 tity
291 2700 389 2742 gives
420 2701 543 2732 actual
575 2700 767 2739 extension‚
799 2698 862 2730 but
892 2697 976 2740 only
1007 2697 1110 2730 tends
1141 2697 1297 2728 towards
1331 2696 1437 2737 doing
1470 2705 1519 2726 so.

204 2745 313 2786 Thus,
347 2746 392 2789 by
419 2757 438 2777 a
463 2747 615 2785 miracle,
643 2745 759 2777 Christ
791 2745 819 2776 is
850 2744 1000 2776 without
1032 2743 1250 2775 dimensions
1276 2743 1310 2773 in
1335 2741 1394 2773 the
1420 2742 1519 2781 Host,

204 2792 271 2823 and
297 2798 355 2834 yet
381 2793 408 2824 is
434 2803 471 2824 as
496 2799 593 2834 great
618 2803 654 2823 as
681 2793 715 2823 in
742 2792 896 2823 Heaven.
1029 2800 1082 2831 24.
1108 2790 1198 2831 Aug.
1224 2786 1278 2820 Ad
1305 2788 1519 2828 Dardanum,

205 2839 330 2880 Migne⁷
355 2844 379 2870 t.
407 2839 460 2879 33,
486 2849 519 2881 p.
545 2837 624 2873 835.

1563 1810 1598 1837 be
1618 1811 1656 1837 all
1677 1810 1707 1838 in
1729 1819 1787 1838 one

1596 1849 1675 1880 part,
1696 1846 1755 1873 like

1599 1880 1750 1916 quality.'’
