2099 3347
249 275 329 302 210

295 502 384 530 Thus
408 501 458 529 the

274 537 456 566 Sam-ament
477 535 502 562 is

255 572 327 599 both
349 571 440 598 bread
462 570 521 597 and

261 606 394 634 Christ's
415 606 506 640 body,

255 642 284 668 in
306 646 368 667 two
389 640 514 667 distinct

325 683 440 702 senses.

246 1079 524 1108 Theadversaries'

291 1119 478 1151 arguments.

261 1197 289 1224 A
311 1196 369 1223 real
392 1196 508 1230 change

325 1230 447 1265 implies

255 1266 433 1304 generatiou
454 1265 512 1291 and

290 1305 486 1335 corrupnon:

334 1335 437 1362 which

327 1370 447 1405 require

267 1404 458 1432 destruction
479 1404 514 1431 of

301 1440 351 1467 the
372 1439 474 1466 bread.

259 1475 316 1502 But
336 1475 347 1501 Ι
368 1482 455 1501 mean
479 1474 514 1509 by

248 1509 522 1536 transsubstantia-

261 1544 336 1576 tion,
358 1552 374 1570 a
394 1544 509 1578 change

300 1579 391 1614 from
411 1579 461 1605 the

278 1613 434 1640 exclusion
457 1612 492 1640 of

275 1648 422 1684 anything
443 1648 495 1674 but

283 1683 384 1716 bread⁷
406 1686 434 1709 to
455 1683 504 1708 the

262 1717 454 1744 coexistence
474 1717 508 1744 of

329 1751 442 1780 Christ.

260 1949 340 1977 Urso
362 1957 461 1976 seems
481 1953 511 1976 to

257 1985 292 2011 be
312 1984 348 2011 of
364 1984 414 2011 the
435 1992 518 2010 same

266 2019 396 2054 opinion
416 2018 504 2046 when

280 2054 317 2081 he
339 2062 409 2089 says
430 2054 495 2080 that

310 2088 466 2115 accidents

328 2123 448 2162 require

312 2158 462 2193 subject&

969 274 1193 306 JOHANNIS
1218 274 1404 306 WYCLIF
1653 272 1742 300 CAP.
1764 271 1844 300 XVI.

535 393 616 417 non
650 389 707 416 est
740 393 885 427 corpus
918 380 1079 416 Christi.
1114 382 1161 416 Et
1195 381 1334 416 eadem
1369 389 1427 416 est
1460 380 1674 416 difficultas
1708 389 1847 417 contra

536 438 623 474 illos
672 438 741 486 qui
786 446 941 485 ponunt
990 447 1290 474 sacramentum
1336 438 1472 474 altaris
1519 450 1602 474 esse
1648 438 1846 485 accidens,

536 505 671 532 utrum
705 496 803 531 illud
836 495 885 531 sit
918 495 1174 532 solummodo
1207 509 1352 544 corpus
1387 496 1545 532 Christi.
1581 497 1672 532 Ideo
1705 505 1847 532 notan-

538 555 633 590 dum
666 555 774 602 quod
806 553 846 589 in
879 553 961 589 istis
990 553 1197 590 laboratur
1230 554 1271 590 in
1304 553 1527 603 equivocis;
1561 567 1669 599 nam,
1703 554 1847 590 intelli-

538 613 667 660 gendo
700 623 784 648 esse
817 611 1024 659 analogice
1058 612 1108 647 ad
1142 624 1225 649 esse
1256 612 1530 660 ydempticum
1565 620 1602 647 et
1633 624 1717 648 esse
1751 612 1881 660 rign-5

538 669 723 716 sativum,
753 670 1054 706 concedendum
1086 670 1242 706 videtur
1275 683 1365 706 cum
1398 669 1613 706 Ambrosio
1648 679 1685 706 et
1709 679 1848 706 autore

540 730 594 763 De
628 727 770 763 divinis
803 727 959 774 officiis,
985 729 1093 775 quod
1126 737 1422 764 sacramentum
1458 728 1506 764 sit
1538 728 1667 763 solum
1702 740 1848 775 corpus

537 785 701 822 Christi.
737 787 784 821 Et
816 785 907 821 licet
932 797 1003 833 per
1036 785 1140 821 idem
1174 786 1223 822 sit
1247 787 1376 822 solum
1411 795 1569 822 terrena
1602 785 1846 831 substancia,

535 853 671 879 tamen
721 855 868 879 nomen
908 842 1066 891 dignius
1118 853 1349 891 acceptatur
1400 853 1436 880 et
1487 856 1633 879 nomen
1685 843 1848 879 inferius

537 901 720 949 religiose
769 901 1038 949 suspenditur.
1084 903 1132 937 Et
1175 901 1231 938 ita
1275 903 1511 938 conceditur
1556 914 1645 937 cum
1692 910 1907 947 autore‚1o

537 960 645 1007 quod
683 967 981 995 sacramentum
1015 958 1064 995 sit
1091 960 1096 1011 1
1125 960 1316 1008 equivoee
1349 968 1519 1007 utraque
1553 959 1717 995 istarum
1754 961 1986 995 dUss-Aloss'*

538 1030 624 1053 rum
659 1016 995 1053 substanciarum.
1025 1014 1051 1069 Ι
1866 1023 1891 1053 B
1914 1026 1988 1063 ¹¹4⁰

596 1076 672 1110 Sed
706 1074 921 1111 difficultas
955 1087 1120 1111 manens
1154 1075 1386 1111 doctoribus
1420 1076 1469 1111 ad
1503 1076 1738 1122 glosandum
1773 1076 1848 1110 Da-

541 1145 769 1168 mascenum
810 1141 887 1169 stat
925 1132 965 1168 in
1003 1132 1079 1169 isto
1118 1135 1226 1181 quod
1267 1133 1351 1181 ipse
1390 1133 1503 1181 ponit
1542 1146 1685 1180 panem
1727 1141 1763 1168 et
1796 1132 1849 1168 vi-

539 1204 633 1226 num
667 1191 1061 1227 transsubstanciari.
1087 1193 1178 1237 Ista,
1203 1190 1404 1239 inquiunt,
1428 1189 1848 1236 transsubstanciacio,
1871 1196 1906 1228 15

539 1261 626 1284 curn
663 1248 712 1284 sit
746 1258 879 1285 motus
912 1249 1041 1296 realis,
1076 1249 1243 1297 requirit
1276 1249 1427 1297 aliquid
1461 1248 1641 1297 generari
1675 1257 1711 1284 et
1742 1248 1849 1284 aliud

539 1306 756 1354 corrumpi.
805 1307 1050 1354 Col-ruptum
1090 1316 1225 1343 autem
1272 1320 1352 1343 non
1392 1316 1449 1343 est
1489 1306 1735 1354 fingendum,
1775 1305 1850 1341 nisi

538 1364 716 1400 essencia
749 1364 863 1412 panis
907 1366 1128 1401 secundum
1162 1377 1202 1401 se
1234 1373 1359 1401 totam
1408 1366 1648 1401 destruatur.
1684 1366 1774 1410 Sed,
1807 1372 1850 1399 ut

537 1434 629 1470 sepe
663 1422 813 1458 dictum
861 1432 931 1468 est,
965 1422 1020 1458 illi
1053 1422 1172 1458 nimis
1216 1423 1422 1459 subtiliant
1463 1424 1509 1458 de
1556 1431 1681 1467 motu,
1728 1434 1847 1470 quem

537 1489 692 1528 ponunt
739 1490 892 1517 motum
934 1481 1081 1516 realem
1128 1489 1164 1516 et
1199 1481 1322 1517 nichil
1367 1481 1434 1516 illo
1481 1480 1649 1526 moveri3
1688 1479 1907 1525 sufficit,2o

538 1539 716 1585 inquam,
751 1540 800 1574 ad
835 1538 945 1574 illum
983 1548 1135 1574 motum
1172 1538 1470 1585 miraculosum,
1512 1540 1618 1586 quod
1653 1537 1848 1574 terminus

536 1609 557 1631 α
603 1608 674 1644 quo
720 1596 768 1631 sit
816 1596 988 1632 exclusio
1041 1596 1316 1645 cuiuscunque
1370 1597 1548 1644 corporis
1594 1609 1665 1644 per
1709 1597 1847 1632 datum

538 1655 671 1690 locum
708 1662 839 1702 preter
871 1655 1020 1690 nudam
1047 1654 1301 1691 existenciam
1337 1655 1464 1702 panis,
1500 1665 1536 1690 et
1569 1653 1767 1690 terminus
1800 1654 1851 1688 nd

537 1724 645 1760 quem
693 1711 742 1748 sit
787 1712 1064 1760 principalitas
1109 1712 1318 1749 existencie
1363 1713 1544 1760 corporis
1589 1712 1737 1748 Christi
1782 1723 1851 1759 per

539 1771 709 1805 eundem
744 1770 876 1806 locum
912 1771 973 1806 vel
1005 1771 1136 1806 forma
1169 1772 1388 1807 secundum
1425 1784 1544 1819 quam
1580 1770 1694 1818 panis
1728 1771 1850 1805 deno·
1868 1775 1906 1807 25

540 1827 717 1863 minatur
749 1828 971 1864 formaliter
1005 1841 1087 1864 esse
1121 1841 1266 1876 corpus
1300 1828 1460 1865 Christi.

598 1888 645 1921 Et
679 1886 753 1922 ista
770 1885 927 1922 videtur
959 1898 1043 1922 esse
1066 1886 1269 1923 sentencia
1303 1886 1407 1922 illius
1432 1887 1585 1923 subtilis
1619 1885 1850 1934 philosophi

540 1952 577 1980 et
611 1944 744 1991 magni
791 1944 966 1991 theologi
1007 1944 1186 1992 magistri
1232 1944 1398 1981 Ursonis
1451 1945 1490 1980 in
1523 1945 1624 1980 libro
1668 1956 1740 1980 suo
1775 1945 1851 1978 “de

541 2001 797 2038 mixtionibus
830 2002 1164 2048 elementorum’'‚
1197 2002 1265 2038 ubi
1289 2002 1465 2050 capitulo
1498 2002 1621 2038 tercio
1645 2002 1851 2038 declarans

540 2059 750 2095 materiam
796 2060 970 2107 primam
1004 2069 1095 2096 ante
1139 2069 1323 2108 tempora
1373 2060 1558 2107 extitisse,
1604 2059 1718 2108 ponit
1763 2072 1849 2095 eam
1868 2068 1910 2100 30

539 2117 641 2153 inter
674 2117 851 2166 aliquam
896 2118 1167 2154 substanciam
1208 2127 1245 2154 et
1283 2119 1452 2154 nullam:
1501 2119 1662 2164 “cum‘',
1708 2117 1850 2165 inquit,

540 2175 699 2212 “omnis
732 2176 960 2211 substancia
993 2177 1144 2212 substet
1176 2176 1463 2222 accidentibus,
1510 2189 1581 2212 nec
1621 2175 1852 2212 accidencia

539 2242 708 2280 possunt
759 2246 844 2269 esse
890 2233 973 2269 sine
1026 2234 1105 2269 suis
1150 2234 1350 2270 subiectis.
1405 2236 1504 2271 Cum
1547 2233 1651 2270 enim
1699 2233 1850 2281 aliquid

539 2291 600 2337 yle
649 2304 729 2328 non
779 2291 927 2339 poterit
978 2291 1055 2327 dici
1106 2292 1382 2328 accidentibus
1435 2292 1716 2338 subiectatum‚
1770 2303 1851 2327 non

609 2479 634 2506 7.
663 2471 861 2499 solummodo
882 2471 916 2499 C.
1026 2480 1066 2505 14.
1095 2472 1151 2500 hoc
1172 2473 1206 2500 C.
1316 2473 1356 2500 16.
1383 2472 1497 2508 aliquid
1518 2472 1612 2500 Aen.
1721 2480 1764 2507 27.
1786 2481 1852 2500 esse

540 2506 739 2568 ἕὲῗὲςὲιξζέἶῂ
766 2507 804 2533 ib.
827 2507 949 2534 subtilis
969 2507 1053 2534 deest
1074 2507 1137 2535 CD.
1253 2506 1296 2542 33,
1319 2506 1364 2541 34.
1387 2508 1466 2534 aliud
1489 2508 1535 2543 yle
1555 2507 1655 2539 ACD;
1683 2508 1763 2535 aliud
1787 2507 1852 2535 uni-

616 2657 664 2690 [ὁ.
706 2659 826 2691 Motus
865 2659 891 2690 is
931 2660 1107 2701 generally
1142 2660 1243 2690 taken
1283 2659 1326 2702 by
1359 2660 1569 2692 Scholastics
1609 2661 1639 2691 in
1673 2660 1730 2691 the
1761 2661 1852 2691 wide

541 2714 641 2736 sense
660 2704 699 2735 of
719 2705 867 2747 change.
894 2706 1068 2745 Aristode,
1096 2707 1335 2748 enumerating
1354 2717 1459 2738 seven
1479 2715 1568 2738 sorts
1587 2707 1626 2738 of
1641 2714 1850 2745 movement‚

541 2757 664 2782 counts
691 2751 867 2782 alteration
896 2752 961 2782 and
990 2754 1156 2783 variation
1184 2760 1345 2794 amongst
1372 2753 1478 2784 them.
1554 2752 1606 2784 28.
1633 2754 1696 2784 See
1724 2764 1756 2794 p.
1780 2754 1851 2793 134,

541 2804 633 2828 note.
732 2798 784 2838 34.
817 2798 875 2829 Yle
901 2808 1031 2837 means,
1060 2799 1092 2829 in
1121 2800 1341 2834 Aristotelian
1369 2799 1587 2841 philosophy,
1615 2799 1671 2830 the
1699 2800 1852 2830 material

542 2853 644 2874 cause
670 2843 709 2874 οἵ
731 2843 896 2886 anything
923 2843 1011 2885 (ὕλη,
1034 2845 1167 2885 wood);
1196 2846 1218 2876 it
1244 2845 1325 2876 here
1353 2856 1471 2876 means
1498 2846 1554 2876 the
1580 2846 1703 2887 primal
1730 2853 1853 2877 matter

542 2890 748 2932 underlying
774 2890 977 2921 substantial
1005 2890 1167 2933 changes.
